3160 5196
826 480 991 539 402-

447 615 534 674 Tunc
547 609 703 691 quidquid
714 609 895 672 blacbomes
907 612 1067 672 secretum
1078 611 1206 674 dixerat
1218 612 1265 675 ilii

484 719 552 799 ipsa
565 717 686 781 revelat
699 715 745 779 eis
759 765 767 797 ‚
786 715 900 779 ordine
912 733 1059 796 maeque
1071 735 1142 781 suo.

442 829 559 891 Omnes
569 825 740 906 mirantur,
755 840 868 887 omnes
881 825 1050 889 bancesse
1060 825 1189 889 beatam

485 932 609 1013 dicunt,
624 930 713 1012 quod
726 933 818 994 tanto
830 929 873 994 sit
885 931 1007 995 sociata
1020 931 1101 997 viro.

443 1065 545 1129 Finito
560 1067 660 1146 testo,
675 1063 812 1127 redeunt
824 1063 867 1127 ad
879 1064 1009 1144 propria
1019 1063 1138 1145 quiquo

482 1174 578 1252 atque
592 1170 679 1233 domi
691 1171 836 1232 referunt
849 1169 936 1234 dieta
948 1171 999 1234 vel
1013 1173 1086 1233 acta
1099 1168 1197 1252 toris3

442 1281 583 1358 Cumque
596 1279 768 1340 referretur
781 1277 987 1358 quorundam
999 1276 1137 1357 plurima
1149 1278 1271 1361 virtus,

481 1384 638 1449 virtutum
650 1384 823 1447 itaobomis
833 1382 954 1446 mentio
966 1385 1165 1464 majorerat3

442 1496 505 1556 Nec
518 1494 626 1555 tamen
639 1492 723 1555 ullus
737 1490 844 1554 adbuc
857 1506 1029 1572 procerum
1037 1493 1160 1553 secreta
1174 1490 1295 1554 sciebat

481 1616 564 1680 quae
579 1598 770 1662 dominabus
784 1601 877 1661 erant
887 1597 1010 1702 erudita
1020 1596 1061 1660 de
1074 1599 1249 1662 Macbome.

441 1710 529 1783 Quae
542 1705 618 1770 licet
628 1704 754 1768 illarum
770 1704 846 1769 fidei
857 1705 1011 1768 mandata
1024 1705 1181 1789 fuissent,

481 1832 546 1879 una
559 1816 656 1878 noete
667 1817 775 1877 tamen
790 1832 858 1876 non
869 1816 1001 1876 taonem
1013 1812 1091 1877 viris
1105 1841 1114 1875 t
1153 1885 1157 1896 Ι

441 1920 567 1986 Scilicet
577 1920 703 1984 arcanis
712 1922 911 1984 ttacbomem
924 1920 1118 1984 coelestibus
1128 1919 1197 2001 uti,

481 2029 514 2089 at
526 2028 662 2091 ventura
674 2026 765 2107 prius
775 2044 912 2090 noscere
923 2045 1021 2108 quam
1033 2026 1165 2090 veniant
1176 2053 1185 2107 3

440 2134 533 2208 Quod
545 2134 599 2197 lex
612 2152 631 2196 a
644 2133 769 2197 Christo
784 2134 861 2197 data
874 2133 955 2197 dura
969 2133 1080 2215 nimis,
1094 2134 1292 2198 moderanda

480 2258 537 2321 per
548 2243 764 2323 btaohomem,
779 2241 913 2305 Domino
927 2241 1150 2323 praecipiente,
1166 2243 1266 2324 toret3

440 2350 599 2429 Multaque
613 2353 777 2428 praeterea
789 2366 875 2429 quaa
885 2367 982 2430 supra
996 2349 1152 2430 diximus,
1167 2353 1225 2412 aut
1234 2367 1318 2430 quaa
1330 2353 1374 2430 (t)

480 2459 557 2518 sunt
569 2455 743 2534 retegenda
758 2473 818 2518 suo
831 2458 977 2535 temporo
991 2454 1057 2519 sire
1069 2455 1152 2518 ioco.

440 2559 593 2623 Mirantur
603 2577 751 2640 proceres
763 2578 859 2641 super
870 2561 941 2642 bis,
957 2578 1132 2642 secumque
1142 2564 1312 2643 reuolront

482 2665 636 2747 quidnam
649 2666 789 2746 portenti
804 2666 879 2728 tatia
891 2666 1089 2746 significent

442 2771 479 2835 Hi
493 2771 641 2835 dubitant
653 2772 724 2835 fiori
735 2776 784 2835 tot
797 2775 952 2853 tantaque
961 2791 1018 2854 per
1032 2775 1284 2857 Macbometem3

382 2908 385 2913 ·
482 2878 516 2941 bi
531 2878 677 2943 dubitare
689 2882 805 2959 putant
816 2879 857 2942 de
870 2880 1066 2943 Macbometa
1080 2882 1185 2943 netas

443 2987 539 3064 Nam,
555 2985 631 3048 dum
644 2985 817 3064 respiciunt
830 2984 964 3049 virtutos
979 2986 1174 3067 anteriores,
1250 3068 1257 3079 η

486 3095 646 3171 coguntur
658 3110 715 3173 per
726 3109 780 3154 eas
794 3092 843 3154 bis
857 3110 984 3172 quoque
999 3094 1081 3154 terre
1095 3092 1212 3175 tidem3

445 3203 488 3261 Ne
501 3217 577 3262 vero
589 3199 758 3280 quisquam
770 3203 950 3262 remaneret
959 3199 1118 3279 pendulus
1132 3201 1235 3281 ultra,

487 3307 527 3369 de
540 3325 575 3370 se
589 3306 733 3370 dicturus
746 3306 798 3369 ille
812 3310 946 3371 vocatus
960 3307 1061 3370 adest.

445 3414 612 3496 Excipiens
622 3413 712 3476 illum
724 3431 850 3476 summo
864 3416 1041 3478 convontus
1055 3414 1178 3477 bonore

486 3522 605 3601 surgit,
620 3522 653 3582 et
666 3519 699 3581 in
712 3518 816 3599 primo
829 3519 884 3581 dat
893 3519 1032 3582 residere
1043 3520 1126 3582 loco.

446 3631 535 3690 Tunc
547 3629 727 3690 Maobomes
740 3645 870 3690 eausam
883 3631 1060 3693 conventus
1075 3627 1216 3710 quaerit,
1232 3632 1264 3693 et
1277 3649 1363 3693 unus

486 3751 581 3814 quem
594 3733 838 3796 commendabat
850 3732 975 3815 lingua,
991 3751 1109 3815 genus,
1123 3735 1284 3817 probitas,

445 3844 572 3921 Cygnea
586 3840 720 3904 canities
735 3841 819 3921 (quis
833 3841 918 3903 enim
930 3846 1147 3923 praesumeret
1160 3844 1251 3924 alter,

487 3950 544 4008 aut
557 3947 652 4009 sciret
663 3950 754 4008 tanto
769 3946 902 4008 reddere
913 3948 1010 4010 verba
1024 3945 1142 4027 virui),
1270 3984 1274 3992 »

379 4161 407 4220 (t)
422 4164 493 4221 Atque
507 4164 562 4206 dans
575 4163 604 4205 B.
