3160 5196
640 528 806 588 ...m-.-

415 659 449 716 in
463 671 538 719 vera
549 653 629 719 coeli
641 668 767 719 camera

415 778 535 842 pauper
544 763 632 842 jacet
643 760 877 843 pulchenr'ma3

355 883 431 929 vero
444 868 527 947 sole,
542 868 626 934 veris
638 867 814 949 sideribus,

353 973 447 1036 istam
461 973 505 1037 illi
519 973 664 1056 depinxit
674 976 840 1040 Dominus.

411 1139 497 1217 Opus
509 1138 612 1218 magis
625 1137 778 1202 eximium

412 1247 460 1307 est
473 1247 607 1308 naturae
620 1264 716 1327 quarn
730 1244 916 1328 hominnm3

350 1350 437 1431 qued
451 1369 511 1415 nee
522 1353 612 1415 labor
629 1369 689 1416 nee
703 1355 848 1433 sumptus
860 1360 1043 1439 praeparat,

349 1476 409 1541 nee
423 1462 565 1523 vetustas
579 1459 732 1524 solvendo
746 1458 889 1541 dissipat.

408 1619 564 1682 Minisirat
577 1620 674 1683 hemo
688 1618 796 1699 diviti,

409 1729 543 1807 angelus
557 1729 664 1789 antem
677 1725 827 1807 pauperi,

347 1838 383 1896 nt
397 1833 472 1898 hine
485 1851 612 1915 quoque
626 1836 752 1897 constet
762 1833 913 1897 eoelestia

346 1958 442 2020 quam
455 1940 520 2003 sint
533 1938 624 2003 nobis
639 1956 658 2001 a
671 1943 735 2003 Deo
747 1939 885 2003 subdita.

406 2099 451 2163 Sit
463 2116 575 2180 perpes
590 2099 785 2180 rengione,
800 2103 862 2164 etr.

545 2362 547 2369 ¹
676 2406 736 2464 vn.

400 2615 525 2679 Ornatis
538 2617 610 2680 luce
624 2614 767 2698 partibus

390 2710 509 2785 ¹mundi
524 2721 757 2803 superioribus,

339 2827 409 2889 inea
421 2815 520 2890 restat
533 2829 714 2891 ornandum
724 2827 844 2890 infima.

338 2950 380 2995 ex
393 2932 443 2995 his
455 2936 500 3007 (1)
513 2931 628 3012 quibus
641 2933 698 2995 lux
712 2935 761 2996 est
770 2935 836 3013 jam
850 2933 1000 3016 condita}

398 3095 546 3159 Edueunt
559 3111 661 3175 aquae
674 3094 804 3174 reptile,

397 3204 579 3286 producunt
590 3204 623 3264 et
635 3201 762 3283 volatile
773 3228 783 3281 3

337 3328 402 3374 une
413 3312 505 3389 iussu
519 3308 622 3389 pisces
635 3310 667 3370 et
680 3309 826 3372 volueres

335 3416 522 3497 prodierunt
532 3416 564 3478 in
576 3432 651 3478 suas
662 3414 793 3495 speeies.

394 3568 492 3641 Simul
503 3579 536 3639 et
550 3580 620 3639 cete
632 3574 765 3657 grandia

393 3686 425 3745 et
437 3700 534 3763 parva
549 3683 631 3745 fiunt
643 3686 747 3746 ostrea
762 3732 770 3765 ,

333 3808 399 3853 nnn
413 3791 536 3872 grypho
549 3795 713 3855 momento
726 3791 886 3855 maximus

331 3899 493 3977 proiectus
503 3899 536 3974 (i.
548 3900 717 3979 proserius)
730 3903 779 3963 est
790 3903 822 3963 et
833 3917 942 3980 passer
951 3900 1107 3968 modicus.

165 4216 193 4271 (1)
208 4214 246 4259 8oe
260 4216 298 4271 qni
311 4227 335 4260 ra
350 4220 428 4261 trouve
442 4216 498 4260 dans
509 4214 529 4258 le
543 4213 667 4260 manuscrit
680 4220 715 4259 eet
729 4212 892 4259 certainement
904 4226 948 4259 nne
960 4213 1022 4259 sanie
1032 4215 1060 4260 de
1071 4216 1144 4272 eopia.
