3112 5194
792 527 832 536 -
847 497 954 554 322-

361 624 413 688 His
428 621 565 685 nummis
579 624 655 683 tuno
668 619 744 682 emit
757 635 852 698 egros
865 635 884 680 a
895 612 1117 680 Jhcricironitis
1130 617 1190 690 (1),

361 732 410 794 his
420 730 514 793 etiam
527 729 640 808 loseph
650 730 699 790 est
712 730 836 806 emptus
849 725 889 787 ab
903 720 1113 796 ismahelitis(
1137 725 1159 800 );

401 839 460 900 hos
473 835 575 899 tenuit
587 835 709 897 Pharao
723 831 810 896 dives
822 830 855 892 in
869 846 943 893 aere
957 845 1016 890 suo
1029 828 1084 903 (3).

361 973 501 1048 flosque,
515 966 626 1048 sibylla
639 967 770 1046 potens,
783 962 895 1025 habuit
907 961 1017 1041 rcginu
1031 958 1177 1038 Nicaulu,

363 1072 469 1136 Austri
482 1071 611 1153 regino,
625 1070 680 1151 qui
690 1071 763 1150 post
775 1067 952 1132 salamonis
965 1067 1006 1129 ab
1018 1069 1061 1145 (t)
1073 1067 1164 1145 uuis,

400 1181 433 1242 in
447 1181 599 1259 templum
609 1193 756 1240 nummos
771 1175 826 1238 dat
839 1175 1021 1238 reverenter
1031 1176 1108 1248 eos(
1132 1176 1153 1248 ).

365 1316 451 1388 Quos
464 1308 768 1387 Nabuchodonosor,
783 1307 900 1385 templo
913 1304 1001 1386 prius
1017 1302 1208 1384 exspoliato,

365 1419 478 1484 detulit
488 1419 521 1481 in
533 1418 686 1498 Babylon,
699 1413 767 1494 ubi,
781 1412 889 1475 militis
901 1412 935 1475 in
948 1409 1119 1474 solidatum
1129 1411 1163 1486 (l.
1178 1407 1340 1490 solidato),

403 1527 531 1609 regibus
543 1526 577 1588 in
588 1525 669 1587 Saba
681 1522 815 1586 dicimus
829 1537 898 1583 esse
911 1519 1014 1583 datos.

364 1668 427 1726 Hos
439 1679 531 1743 reges
544 1662 642 1741 Saba,
657 1674 739 1738 quos
751 1657 824 1737 post
834 1670 920 1717 nova
933 1652 1023 1714 stello
1037 1651 1180 1732 vocavit,

370 1777 452 1838 terre
467 1774 530 1832 Deo
542 1782 689 1830 nummos
702 1765 850 1828 Veterum
862 1759 1017 1840 scriptura
1030 1759 1169 1840 notavit,

407 1895 480 1943 cum
495 1874 554 1938 tria
566 1875 631 1935 tres
644 1869 721 1934 socii
734 1868 819 1932 dona
831 1868 933 1930 tulere
944 1867 1041 1947 megi.

366 2010 523 2093 Angelicis
535 2005 664 2071 monitis
678 2003 727 2066 his
740 2001 868 2082 regibus
880 2001 954 2063 inde
965 2001 1136 2082 regressis,

365 2116 529 2180 mittiture
540 2111 637 2176 coelis
648 2126 746 2191 puero
758 2105 941 2187 dignissima
954 2104 1072 2187 vestis,

403 2227 483 2287 haec
496 2215 713 2296 inconsutilis,
733 2212 813 2276 mire
824 2214 931 2276 colore
944 2211 1016 2275 tuit.

364 2366 451 2424 Hane
464 2360 584 2439 patera
598 2350 694 2416 coelis
706 2347 810 2429 misit,
825 2365 891 2410 non
901 2345 1018 2409 femina
1032 2345 1134 2426 nevit,

365 2470 463 2547 longa
475 2464 512 2527 iit
525 2465 621 2542 etque
634 2456 756 2537 brevis,
771 2471 871 2535 puero
885 2455 1047 2517 crescente
1060 2453 1212 2533 recrevit,

406 2568 555 2650 temporis
568 2563 700 2645 aequevi
714 2561 848 2625 stamine
862 2563 952 2624 textu
965 2559 1038 2623 levi.

367 2711 447 2769 Dum
457 2702 549 2784 jubet
557 2697 696 2763 Herodes
707 2711 841 2776 puerum
853 2673 912 2775 pro
925 2696 1028 2756 morte
1039 2692 1176 2774 requiri,

366 2815 469 2878 muter
481 2828 555 2873 eum
567 2805 672 2871 timuit
686 2802 811 2884 fugiens
825 2801 867 2865 ad
880 2801 1005 2864 elimata
1018 2799 1096 2882 Nili,

406 2920 503 2982 ducta
516 2917 604 2978 metu
617 2910 748 2991 mortis,
762 2908 853 2988 virgo
866 2908 986 2969 latebat
1001 2906 1055 2968 ihi.

368 3052 498 3116 Tunoin
511 3067 549 3113 eu
561 3049 672 3131 crypta
684 3044 743 3108 tria
757 3044 833 3106 sunt
845 3044 926 3107 haec
940 3042 1024 3105 dona
1038 3041 1165 3123 relicte,

368 3178 501 3239 aurum,
518 3160 610 3236 thus,
624 3153 772 3236 myrrha,
787 3149 946 3229 vestisque
959 3148 1012 3211 Dei
1024 3148 1207 3229 benedicta,

407 3271 551 3351 pastores
561 3263 713 3341 veniunt,
729 3259 858 3339 ipsaque
870 3257 954 3320 dona
968 3256 1114 3331 vehunt(
1137 3260 1158 3332 ).

356 3528 415 3584 (tit
429 3531 451 3571 et
462 3526 480 3569 B
493 3522 593 3569 ecrivent
609 3514 784 3566 eiectamenta
798 3513 819 3557 tc
833 3512 869 3556 u-
906 3511 987 3555 cohotr
1005 3509 1044 3554 dos
1061 3508 1161 3565 partums
1179 3518 1235 3562 pour
1258 3505 1392 3552 cmbuumor
1408 3515 1448 3550 sou

331 3590 401 3648 gendo
421 3585 543 3632 uiiemunde
564 3582 608 3626 suit
630 3579 680 3636 plus
700 3575 826 3620 fideiement
848 3573 869 3617 tu
905 3572 966 3630 pere.

331 3654 405 3705 ΒὶΝθι
428 3650 470 3695 ⁰¹¹0
492 3647 525 3691 ‘¹¹2
544 3641 697 3700 ‘lumbam
718 3639 751 3682 ¹⁰⁸
768 3636 841 3681 dmm
856 3636 869 3678 ὰ
931 3669 961 3724 (a)
974 3664 1009 3709 Au
1022 3666 1078 3709 unns
1091 3668 1156 3708 notre
1167 3673 1209 3706 ms.
1223 3666 1246 3706 ot
1255 3661 1311 3705 dans
1325 3660 1352 3704 Β.

331 3715 423 3772 Ephron
433 3723 489 3771 pour
500 3709 522 3754 te
533 3707 614 3761 ohump
627 3703 654 3747 ue
666 3697 806 3755 Maohpciah.

932 3762 960 3817 (5)
973 3760 991 3805 li
1001 3773 1016 3817 v
1027 3772 1042 3805 c
1053 3759 1109 3803 deus
1122 3759 1140 3801 B
1151 3758 1165 3802 t
1176 3757 1198 3802 ia
1210 3756 1273 3812 ploce
1284 3755 1313 3800 de
1324 3764 1431 3808 covers:

360 3838 389 3893 (2)
402 3836 471 3882 Νοῑῐθ
483 3842 524 3877 ¹11⁵·
537 3835 560 3874 θῑ
573 3826 591 3870 Β
604 3830 643 3870 θῦῑ
657 3835 697 3881 9³¹
711 3831 788 3866 ΜΠ
801 3816 870 3861 'm'
964 3850 1061 3885 obtutum
1070 3851 1138 3890 compro
1146 3848 1277 3881 uontmutroe
1285 3848 1337 3889 nco,

339 3899 431 3945 mm·
906 3925 960 3983 qu’ii
971 3925 1019 3970 suut
1032 3924 1072 3969 tire
1086 3936 1114 3969 en
1128 3926 1269 3980 transposant
1286 3921 1347 3966 deux
1357 3925 1430 3965 muts:

360 4014 389 4069 (5)
407 4011 439 4055 La
456 4004 546 4063 legende
566 3996 689 4045 allemands
710 3990 827 4047 i'cxpiiquo
842 4000 871 4060 en
965 4018 1035 4053 oneum
1044 4018 1064 4051 rn
1073 4017 1153 4058 mh,
1167 4015 1248 4057 ruyrus·
1255 4015 1304 4048 eom
1313 4015 1360 4048 M

335 4075 408 4119 disant
418 4082 463 4127 que
476 4069 508 4111 ies
520 4064 591 4108 ireres
601 4062 628 4105 de
641 4056 722 4111 loseph
736 4054 782 4098 s'eu
794 4062 870 4096 servr—
1312 4097 1318 4108 ¹

336 4143 385 4184 rent
399 4147 454 4192 pour
465 4141 532 4187 pavet
543 4128 564 4172 le
577 4126 612 4170 hie
626 4123 689 4179 uu'iis
701 4119 793 4164 niterent
807 4115 874 4160 cher·
935 4107 963 4162 (6)
984 4106 1016 4149 Lu
1039 4102 1130 4160 tegendo
1150 4099 1273 4145 alternando
1296 4097 1329 4142 drt
1359 4108 1402 4152 que
1423 4093 1442 4138 ie

337 4202 389 4247 cher
406 4211 434 4243 en
448 4185 547 4250 Egyptc,
563 4196 585 4233 et
602 4189 675 4242 ajoute
693 4194 737 4238 que
752 4176 834 4233 Ioseph
846 4186 873 4219 eu
908 4169 990 4223 vierge
1002 4167 1033 4211 ies
1045 4165 1116 4221 perdit
1130 4163 1185 4207 daus
1199 4174 1223 4206 sn
1240 4160 1294 4206 iuite
1307 4171 1335 4204 en
1347 4147 1439 4214 Egypte.
