3160 5196
611 521 776 579 —tii—

234 649 293 707 Des
306 644 403 708 modo
417 647 602 728 consitium,
617 665 677 711 nos
689 647 807 729 praetia
816 648 1050 731 sustineamus3

274 770 333 815 nos
346 752 463 816 feriam
476 756 604 837 hostes,
619 772 679 819 nos
695 755 847 819 feriamus
861 773 933 838 θοις

234 857 264 922 Si
279 875 466 939 superamus
479 878 554 942 eos,
570 863 640 924 laras
651 862 696 926 sit
705 865 781 944 tua;
793 864 820 926 si
832 879 1037 944 superemur,

275 964 429 1029 stultitiae
438 969 569 1031 nmuac
582 968 714 1050 deputet
726 970 830 1032 omnis
842 969 954 1033 homo!
970 991 988 1027 »

233 1077 298 1136 Hoc
308 1074 442 1137 laudant
455 1092 583 1158 omues3
595 1077 776 1143 Machames
788 1079 930 1158 plorasse
943 1080 1079 1141 retertur

272 1182 359 1262 quod
369 1181 415 1245 sic
426 1182 562 1264 quisque
574 1200 671 1246 suum
684 1184 788 1248 tendit
801 1183 1039 1248 antummum-2

234 1290 379 1351 Attamen
392 1305 558 1351 assensum
571 1290 709 1372 taciens,
724 1307 760 1354 sc
769 1290 907 1371 spondet
919 1290 1056 1371 iturum,

274 1392 384 1474 sicque
394 1394 491 1456 datur
502 1410 630 1475 pugnae
643 1396 799 1459 terminus
810 1399 908 1476 atque
917 1396 1018 1460 murs

235 1501 355 1564 Dicitur
367 1502 430 1565 hoc
444 1502 563 1584 Persis3
577 1520 690 1567 rerum
704 1502 911 1566 nihilominus
924 1502 984 1584 ipsi

274 1607 442 1689 insistunt,
460 1608 607 1690 rapiunt,
622 1607 1011 1690 excruciantpperimunt.

234 1717 399 1781 Terminus
410 1718 558 1800 advenit,
572 1717 868 1797 tenacissimam,
885 1716 998 1780 adesse

274 1830 386 1888 Persae
399 1841 465 1888 non
478 1827 641 1906 metuunt,
656 1823 758 1888 hostis
776 1827 912 1904 uterque
925 1821 1012 1884 ruit:

236 1933 399 2011 Pugnant,
414 1932 602 2010 oppugnant
614 1929 704 2012 telis,
717 1928 942 2009 mucronibus,
955 1926 1072 2007 hastis3

275 2038 332 2101 sed
342 2036 446 2101 socios
459 2037 631 2101 Machcmis
642 2038 723 2101 bella
737 2039 886 2117 premunt
899 2036 1038 2116 gravius.

236 2150 332 2209 Porro
345 2148 512 2208 cernentes
524 2143 665 2207 idumaei
678 2161 713 2207 se
726 2144 869 2224 superari

277 2271 296 2315 a
309 2254 411 2316 Persis
422 2255 505 2318 bello
518 2259 581 2336 (1),
595 2253 715 2319 viribus
728 2256 761 2315 ot
774 2268 920 2315 numero.

237 2357 403 2422 dimittunt
413 2361 625 2439 drachonem,
640 2359 762 2422 loculos
773 2372 951 2438 aurumque
960 2357 1133 2436 terentem,

276 2483 358 2546 quae
369 2466 453 2528 natis
467 2465 583 2528 reddat
595 2464 850 2545 coniugibusque
863 2462 946 2545 suis3

236 2573 297 2651 Ne,
312 2570 339 2632 si
353 2573 435 2634 forte
448 2574 553 2653 patres
565 2571 762 2652 perimantur
773 2570 840 2635 sire
852 2566 974 2649 mariti,

277 2681 446 2758 paupertas
459 2682 579 2741 matres
588 2678 746 2759 opprimat
756 2680 791 2740 et
803 2688 923 2758 pueros·
935 2703 944 2738 ε

236 2786 378 2865 nanque
391 2782 682 2866 rediturusne,
697 2782 910 2865 quorumdam
920 2785 1037 2862 tempta
1051 2787 1187 2846 Deorum

276 2889 427 2969 tenrperis
437 2890 561 2971 antiqui
574 2889 676 2954 cernit
688 2893 721 2953 et
733 2890 832 2952 intrat
845 2905 895 2951 ea.

236 2997 271 3056 tn
279 2993 395 3074 quihus
401 2992 590 3078 argentum,
604 2996 728 3061 loculos
741 3012 919 3076 aurumque
930 3010 1087 3075 reponens

273 3102 428 3182 quaesibi
441 3104 597 3169 servanda
611 3120 689 3185 gens
702 3118 761 3166 sua
774 3103 966 3182 tradiderat,

236 3207 320 3270 Exiit
329 3208 500 3272 accludens
514 3213 547 3271 et
559 3209 692 3290 signans
704 3209 787 3273 ostia
797 3213 871 3290 post
882 3225 933 3288 se,

279 3318 311 3378 et
321 3315 368 3379 sic
381 3315 423 3379 ad
434 3316 579 3380 dominas
593 3317 706 3397 tendit,
721 3318 754 3380 et
767 3318 809 3380 ad
820 3333 956 3399 pueros3

238 3422 351 3484 Tendit
364 3425 397 3485 et
410 3422 451 3485 ad
465 3423 622 3504 reliquum
640 3425 771 3503 vulgus,
786 3423 874 3505 quod
885 3422 999 3486 inutile
1011 3422 1094 3485 betto

150 3506 162 3532 ⁰
279 3527 445 3592 dimissum
458 3531 564 3592 fuerat
577 3528 665 3591 haud
677 3531 789 3610 procui
803 3529 836 3591 in
852 3527 978 3592 casulis.

238 3638 313 3716 Ejus
326 3635 411 3699 enirn
424 3637 529 3717 gentis
541 3653 613 3700 mos
629 3635 745 3698 dicitur
757 3636 818 3698 iste
833 3635 947 3716 tuisse,

277 3745 309 3804 et
322 3741 466 3809 fortassis
479 3742 586 3806 adhuc
597 3740 685 3805 istud
699 3741 784 3804 enim
798 3741 936 3821 faciunt,

237 3850 292 3929 Ut,
307 3848 332 3911 si
346 3847 475 3929 quando
489 3850 600 3929 procul
613 3847 736 3912 vadunt
749 3852 793 3924 (2)
807 3846 848 3909 ad
861 3847 943 3909 bella
955 3842 1115 3925 gerenda,

171 4130 198 4185 tt)
217 4132 320 4188 Quemne
333 4135 393 4176 cotto
405 4132 467 4185 ieeon
485 4144 510 4176 se
529 4137 609 4177 nonve
625 4132 681 4178 dans
717 4132 846 4189 prtteronee
864 4133 940 4177 ornis
953 4145 982 4176 ou
998 4132 1128 4178 Personam
1143 4130 1254 4189 coeptis.

143 4190 174 4235 ies
191 4191 249 4237 deux
263 4205 305 4237 ms.
318 4224 325 4246 ,
346 4195 463 4248 peut-etro
483 4194 587 4238 doit-on
599 4194 640 4238 tire
654 4197 681 4238 dc
743 4197 772 4249 (a)
791 4194 879 4238 Vadunt
893 4195 947 4239 daris
959 4195 985 4238 B.
