3146 5192
839 527 877 534 —
896 497 1000 553 tto—

677 619 754 678 ltem
765 619 878 683 fratres
891 621 1125 705 mendicantes,

637 735 748 783 omnes
762 724 828 785 fere
841 728 917 787 sunt
928 725 1099 815 truffnntes
1112 755 1119 807 3

635 828 750 888 Parent
763 845 838 891 nam
850 830 937 909 quod
951 831 1016 894 sint
1029 831 1155 913 devoti,

637 913 710 991 cum
723 930 787 992 sint
799 936 907 998 temen
921 953 1059 1015 nequam
1073 938 1143 1000 toti.

634 1031 793 1113 Quidquid
805 1037 991 1116 praedicant
1007 1057 1171 1122 sermone,

633 1156 707 1202 mro
721 1142 882 1220 complent
896 1145 1040 1225 actione,

632 1246 773 1323 Metunt,
794 1245 848 1307 ubi
869 1265 1033 1327 nunquam
1046 1254 1090 1325 (1)
1111 1252 1241 1327 serunt,

631 1366 755 1430 semper
769 1354 839 1431 plus
853 1372 949 1432 quam
962 1372 1020 1417 sue
1031 1361 1207 1437 quaerunt,

630 1457 711 1518 Oves
722 1455 841 1519 alienas
855 1458 994 1521 tondunt

632 1563 665 1620 et
677 1561 1075 1639 parrochiasoontundunt
1086 1590 1094 1643 3

632 1664 784 1728 Dentibus
797 1667 993 1746 applaudunt
1006 1685 1096 1747 cere,

631 1770 687 1832 sed
700 1769 755 1850 qui
770 1770 848 1834 nihil
861 1775 995 1851 possunt
1009 1772 1085 1834 dere

631 1872 684 1932 Vel
699 1872 819 1950 replere
832 1871 878 1934 eis
891 1890 1037 1954 menum,

632 1975 702 2037 illos
715 1976 847 2039 mittunt
860 1978 901 2040 ed
917 1980 1098 2058 plebanum.

633 2083 767 2145 Pulchre
781 2102 839 2162 pro
854 2102 946 2148 orere
957 2088 990 2165 (Ι.
1001 2092 1162 2166 perorare)
1171 2088 1293 2168 seiont,

630 2188 680 2250 his
693 2189 747 2269 qui
767 2190 903 2253 eredunt
916 2192 998 2273 cepti
1013 2193 1111 2271 fiunt,

629 2298 688 2355 Per
700 2296 870 2357 verborum
884 2303 1071 2377 apparatum

630 2387 723 2456 aures
736 2397 906 2472 penetrant
917 2404 1114 2478 magnetum.

629 2493 726 2555 Valde
741 2493 908 2575 diligenter
921 2502 1037 2562 notent

628 2591 682 2654 ubi
696 2593 810 2657 divites
823 2601 1009 2679 aegrotent,

628 2694 673 2756 lbi
687 2702 820 2760 currunt
833 2717 893 2763 neo
906 2703 1094 2785 cessabunt,

627 2797 729 2862 donee
742 2799 827 2880 ipsos
840 2806 1063 2889 tumulabunt3

626 2903 688 2965 Sed
701 2905 744 2967 ad
757 2910 800 2982 (2)
812 2926 903 2972 enses
916 2911 959 2986 (3)
973 2911 1160 2978 miserorum

628 3008 735 3072 nullus
749 3009 795 3072 ire
808 3015 877 3075 vult
888 3031 1010 3080 eorum.

625 3115 706 3175 Puto
713 3132 788 3178 vero
801 3118 831 3193 (i.
840 3122 943 3194 venei)
955 3123 1043 3201 quod
1056 3125 1230 3208 prodesset,

625 3214 651 3277 si
665 3215 698 3277 in
711 3219 833 3283 mundo
847 3225 953 3285 nullus
967 3229 1051 3288 esset
1161 3210 1163 3216 Α

625 3325 798 3387 Monachus
811 3329 861 3391 vel
874 3330 1020 3394 monialis

624 3426 690 3492 sive
703 3433 789 3492 secta
803 3435 1011 3514 Begynnulis:

622 3535 793 3613 Postquam
806 3536 891 3598 enim
903 3539 950 3601 sie
964 3548 1148 3626 creverunt,
1253 3541 1254 3544 ’

622 3637 675 3699 lex
688 3641 720 3700 et
733 3640 812 3703 fides
825 3642 1005 3726 perierunt,

622 3744 660 3802 Et
673 3741 771 3806 totius
784 3745 896 3808 mundi
910 3750 1014 3812 status

622 3847 671 3906 est
684 3844 717 3908 in
731 3849 850 3911 molum
864 3854 1087 3916 commutatus.

369 4058 406 4147 (1)
419 4091 542 4150 Nusquam
554 4093 609 4138 dens
618 4095 768 4153 Nuogeorgus.
947 4104 976 4160 (5)
990 4103 1064 4149 Corus
1072 4105 1127 4151 deos
1141 4107 1294 4166 Neogeorgus.

376 4152 405 4207 (d)
420 4153 449 4197 rt
458 4155 513 4199 dens
522 4154 620 4200 Woiflus.
