3162 5188
611 443 753 499 -gg-

111 568 250 632 Domine
264 585 343 649 rex,
365 567 439 648 quia
465 568 642 631 leudorico
657 585 773 630 nomen
795 571 886 629 tuum
906 566 1097 630 veneranter
1114 563 1238 627 vocita-

156 680 211 737 tur
224 691 244 736 a
255 674 387 755 populo,
398 708 440 719 -
453 690 525 754 ego,
538 689 649 735 servus
662 675 749 753 tuus⁷
762 689 803 734 ne
817 673 916 735 leram
934 689 1052 735 nomen
1066 670 1178 750 simile,
1199 671 1239 732 de

157 778 343 839 caetero-
355 791 422 838 non
439 775 615 837 Teuderieau
627 774 684 836 sed
697 775 836 837 vocabor
850 775 1004 837 Teudcaa‘o.

110 882 206 942 Tunc
224 896 285 941 rex
304 879 502 959 gratulanter
515 877 729 940 admirans-
742 880 775 939 et
796 876 991 940 admiranter
1011 875 1239 957 congratulans

156 984 395 1065 -purissimae
409 983 616 1064 simplicitatis
628 982 981 1063 bumilitatem—atque
992 980 1243 1063 simplicissimae

157 1088 349 1152 humilitatis
361 1089 532 1170 puritatem
543 1087 770 1168 humillimam,

112 1192 323 1255 venerabiles
334 1188 664 1272 banusdeosculans,
688 1191 862 1254 sacerdotis
879 1191 1020 1273 postulat
1038 1188 1240 1253 benedictio-

156 1319 234 1364 nem
244 1337 286 1346 -
299 1303 397 1380 atque
406 1298 581 1363 honorifice
590 1298 686 1379 iussit
697 1317 771 1362 eum
781 1335 822 1346 —
833 1299 875 1362 ad
887 1317 981 1363 suum
989 1297 1105 1362 deduci
1115 1314 1239 1360 monas

157 1405 288 1468 terium.

115 1511 238 1573 Exboc
250 1509 397 1590 igitur-
406 1527 472 1573 uno
485 1510 733 1593 demonstratur,
744 1547 786 1557 —
798 1515 917 1592 quanta
927 1510 1129 1576 curationum
1139 1507 1240 1589 gratia

159 1614 250 1678 fulsit
263 1615 297 1678 in
310 1618 422 1679 saneto
435 1650 476 1693 ·.·
488 1614 672 1677 Tenderico.

115 1721 265 1794 Quantas
284 1737 424 1800 namque
436 1722 505 1782 tum
519 1735 667 1781 cerneres
687 1718 786 1780 -ad
812 1735 886 1780 eum
909 1717 1070 1780 continere
1091 1714 1242 1778 debilium

159 1823 402 1905 multitudines,
416 1859 457 1870 —-
476 1840 559 1903 quae
571 1823 640 1886 sine
652 1840 742 1886 mora
754 1822 904 1903 temporis
920 1821 1088 1885 continuas
1101 1821 1241 1902 recipere

161 1930 194 2004 (l.
210 1933 390 2008 receperel)
404 1926 575 1991 sanitates!

117 2031 230 2096 caecis
242 2031 503 2112 quoquevisum,
527 2066 568 2079 -
587 2031 693 2094 surdis
713 2030 879 2110 auditum,
901 2063 944 2077 -
960 2030 1083 2093 claudis
1096 2046 1240 2110 gressum

162 2141 363 2220 restaurans3
377 2174 418 2185 —
432 2137 537 2200 aridas
551 2140 796 2217 contractasque
810 2153 925 2198 manus
938 2137 1095 2198 relaxans.

120 2247 367 2311 Adaemonibus
376 2247 522 2309 obsessos
530 2243 678 2325 liberans,
689 2243 774 2306 mille
783 2243 922 2307 nocendi
932 2241 1103 2307 diabolicas
1113 2242 1241 2306 fraudes

162 2386 203 2397 —-
214 2369 272 2431 pcr
283 2350 410 2415 divinae
420 2349 597 2414 medicinae
611 2350 813 2412 destruxerat
827 2352 922 2412 artes.
1000 2370 1006 2377 ·

120 2456 148 2516 0
160 2456 300 2517 multum
319 2453 443 2518 felicem
453 2489 494 2500 -
508 2454 614 2534 gregis
624 2453 748 2516 Domini
766 2456 926 2532 pastorem
936 2487 976 2499 -
992 2453 1043 2517 cui
1065 2455 1175 2517 datum
1195 2459 1243 2518 est

166 2557 354 2638 corporibus
367 2556 460 2621 simul
481 2561 513 2620 et
533 2558 699 2621 animabus
720 2559 864 2621 conferre
877 2558 1031 2621 salutem!

124 2664 390 2745 (ltriumpbalem
401 2700 442 2710 —-
453 2663 645 2745 spirillulalis
662 2663 735 2727 belli
750 2664 931 2745 duetorem,
941 2700 981 2709 -
993 2666 1151 2728 mundum
1170 2682 1252 2729 cum«.

164 2787 222 2831 suo
236 2768 380 2850 principe
391 2769 611 2850 superantem!

124 2871 284 2950 Opatrem
295 2870 470 2951 piissimum
482 2907 524 2918 -
536 2873 709 2935 multorum
724 2873 971 2936 monachorum!

125 2975 381 3038 Ofidelissimum
394 2976 428 3039 in
442 2977 538 3041 domo
551 2977 650 3058 patris
663 2976 797 3039 familias
811 2977 1024 3058 proterentem
1037 3015 1077 3024 —
1091 2996 1194 3061 nova,
1209 2983 1242 3042 et

164 3082 511 3159 vetera(l.veterum?)
530 3082 797 3163 dispensatorem!
971 3162 974 3169 .

126 3188 511 3268 Operseverantissimum
530 3188 563 3251 in
580 3188 633 3252 Dei
654 3191 809 3254 famulatu
825 3193 974 3272 usquein
988 3192 1100 3272 finem,
1114 3209 1246 3255 -suae

167 3310 363 3374 suorumque
383 3293 494 3356 salutis
505 3293 744 3373 cupidissimum
756 3300 1028 3375 comparatorem,
1045 3330 1085 3341 -
1098 3299 1256 3361 sanctum.

166 3398 385 3463 landericum.

133 3502 189 3579 Qui
201 3504 302 3568 vitam
314 3505 491 3585 angelicam
503 3507 536 3569 in
547 3506 639 3569 terris
651 3524 751 3586 agens
763 3542 803 3551 -
816 3510 848 3568 et
858 3506 974 3569 mentis
987 3506 1195 3570 intentionem
1210 3509 1243 3572 in

171 3607 362 3670 coelestibus
374 3609 488 3690 figens,
498 3610 578 3672 -in
590 3609 701 3673 diebus
712 3609 778 3673 suis
791 3628 847 3692 per
854 3610 996 3691 justitiae
1009 3611 1157 3674 meritum
1173 3615 1248 3693 pla·

171 3715 238 3776 cuit
254 3719 329 3777 Deo.

136 3822 219 3880 Tunc
236 3820 344 3897 plures
364 3819 515 3882 instruxit
528 3821 710 3901 discipulos
725 3824 757 3883 et
770 3840 857 3884 nunc
875 3821 1121 3886 innumerabiles
1139 3824 1258 3888 imita-

175 3926 260 3986 tores
274 3941 334 3986 suo
345 3924 552 3988 saluberrimo
564 3962 604 3971 —-
617 3926 768 3990 informat
781 3927 936 4006 exemplo.

139 4027 195 4103 Qui
207 4031 281 4107 post
293 4030 467 4092 multarum
486 4028 640 4092 virtutum
663 4047 774 4110 opera,
798 4033 930 4109 —post
952 4030 1178 4094 miraculorum
1193 4032 1253 4096 in-·

174 4136 295 4215 signia,
316 4136 456 4199 -bono
483 4136 655 4199 certamine
680 4137 720 4199 ad
740 4136 904 4201 victoriam
924 4137 1096 4219 perducto,
1111 4174 1151 4185 -
1165 4141 1254 4203 ielici
