3118 5198
599 492 762 547 -219-

359 619 393 677 ul
405 617 466 678 boe
478 616 586 678 vinum
600 615 688 695 quod
701 614 816 677 bibatis

437 722 803 804 possilvosstrangulia.

361 871 406 934 ld
416 871 479 932 boe
492 869 623 932 verbum
637 868 724 933 Prior
734 884 851 930 ‚enisus
864 913 871 937 ,

358 976 524 1039 furabatur
537 974 619 1037 sicul
633 991 744 1052 ursus,

359 1100 456 1145 unam
469 1080 572 1147 vicem
586 1085 684 1161 alque
696 1097 808 1142 rursus

437 1183 650 1248 momordavil
665 1183 759 1249 labia.

359 1333 498 1396 Tandem
512 1332 592 1395 dixit
604 1333 645 1393 ad
662 1377 779 1394 ......
801 1351 808 1382 =

363 1484 457 1500 .....
472 1437 558 1519 vilis,
573 1435 744 1516 gnicione,

359 1542 521 1623 quondam
533 1542 639 1605 dlseus
652 1542 692 1604 de
702 1544 852 1622 pulmone

441 1649 500 1712 luit
513 1648 569 1711 libi
585 1648 712 1729 gaudle.

362 1808 449 1866 Nune
463 1808 546 1866 tues
559 1802 784 1879 canonizatus,

362 1910 444 1972 etde
455 1909 534 1972 nihil
547 1910 707 1989 elevatuS,

362 2014 444 2078 sicul
457 2032 565 2095 regem
579 2015 627 2077 vls
638 2018 806 2095 pascales,

441 2122 475 2181 el
488 2120 521 2182 in
534 2123 639 2200 major
652 2119 754 2198 eopia.

363 2260 464 2331 llabes
474 2262 598 2340 justum
611 2263 644 2327 et
656 2259 814 2322 micheam
827 2307 834 2337 ‚

363 2369 395 2429 el
407 2365 570 2430 servisiam
584 2367 814 2444 frumenteam,

364 2474 450 2535 unde
462 2471 547 2551 regis
560 2475 667 2552 posset
679 2486 749 2533 eam

444 2574 523 2637 bibit
540 2593 613 2638 cum
627 2573 757 2638 laetitia.

364 2712 489 2772 Nullum
504 2727 616 2772 carnes
629 2711 855 2790 commodatis,

364 2831 469 2895 neque
481 2814 582 2894 pisces
595 2814 783 2894 perfruatis,

364 2915 480 2983 lactem
492 2936 621 2999 quoque
631 2920 814 3000 denegem,

447 3023 492 3086 sie
505 3027 537 3087 le
548 3023 625 3087 lacit
636 3024 751 3088 sobria.

368 3159 495 3223 Nullum
508 3159 564 3223 libi
581 3161 622 3223 sit
635 3162 805 3241 labellum,

367 3282 471 3344 neque
483 3264 538 3327 libi
553 3264 594 3327 sil
607 3266 799 3346 scabellum,

366 3384 477 3430 mensa
491 3367 547 3429 tibi
562 3367 603 3430 sit
615 3370 769 3449 patellum

448 3490 512 3535 non
524 3474 646 3535 habeus
659 3474 690 3553 (l.
706 3475 839 3551 habens)
852 3472 1017 3555 mappalia.

367 3614 467 3690 Super
480 3614 598 3672 terram
611 3610 657 3674 sle
670 3611 810 3692 sedebis,

370 3733 429 3778 nec
442 3715 559 3777 abinde
571 3716 747 3779 removebis
759 3742 767 3795 3

367 3819 456 3901 velis,
472 3820 565 3901 nolis,
581 3819 627 3882 sic
642 3820 800 3902 manebis,

447 3924 481 3986 in
495 3926 575 3988 haee
588 3923 766 3987 releetoria.

368 4058 443 4117 Post
453 4056 533 4117 baec
547 4054 614 4117 dies
625 4055 785 4118 accedatis

371 4161 412 4222 ad
425 4159 540 4223 Prioris
551 4164 584 4222 el
595 4160 722 4222 Abbalis
