3160 5196
576 501 742 561 —tct-
860 548 864 556 .

199 628 255 691 Hic
268 626 366 707 igitur
379 626 452 691 telis
465 644 502 689 ee
516 630 640 708 tantu,
655 629 796 709 supplice
809 649 905 709 voce,

241 734 332 799 vultu
345 733 500 813 demisse,
515 734 561 799 sic
573 739 757 801 reverenter
768 736 814 800 eit
826 766 835 799 ι

200 866 216 900 «
231 840 388 922 Opatriue
401 840 525 907 custus!
541 842 669 922 ospes!
684 845 710 907 0
723 842 824 923 gioria
838 850 968 913 nostru!

243 965 303 1012 nos
315 965 426 1011 omnes
438 966 548 1015 serres
562 950 689 1016 noveris
701 968 771 1015 esse
784 956 877 1036 tues,

202 1067 264 1124 Nec
277 1077 386 1129 seruos
399 1061 581 1142 durumqui
595 1065 628 1125 te
639 1063 805 1127 dominum
817 1066 986 1149 patiemur,

242 1168 299 1231 sed
312 1185 393 1248 quos
405 1184 495 1230 more
507 1166 606 1247 petris
620 1169 820 1251 corripiendo
832 1173 930 1237 mres.

203 1276 372 1354 Propterea
385 1273 534 1354 quotiens
547 1274 697 1339 audimus
710 1277 843 1356 grandin
856 1280 900 1342 de
910 1284 963 1362 te,

245 1382 379 1465 quisque
391 1383 479 1449 reiut
491 1381 620 1462 proprio
633 1384 753 1463 gaudet
765 1385 888 1449 honere
898 1390 966 1452 tue.
1008 1400 1034 1417 '·

203 1495 380 1566 Quaerere
393 1487 747 1553 detemirendumodu
760 1493 953 1575 ineuntur,
1116 1498 1119 1507 '

244 1596 404 1659 extollunt
417 1594 496 1658 coeli
510 1612 629 1658 numen
642 1595 684 1658 ed
696 1597 761 1658 citu
773 1600 876 1661 tuum.

208 1710 285 1771 Nem
297 1702 326 1767 si
335 1701 475 1769 consiliis
489 1701 604 1767 divine
616 1702 813 1783 participaris

243 1816 276 1874 et
286 1816 370 1874 Deus
381 1809 511 1873 arbitrio
525 1812 642 1873 tractu
654 1810 779 1890 agenda
792 1816 869 1895 tuo,

204 1920 341 1999 Angelus
355 1920 412 1981 aut
422 1920 505 1980 Deus
516 1933 552 1979 es
564 1917 706 1980 humanu
720 1934 853 1998 corpore
867 1924 990 2004 tectus,

242 2027 309 2104 jem
320 2022 377 2085 tibi
392 2022 518 2087 divinus
531 2021 720 2085 exhibeatur
732 2024 836 2087 honor
847 2025 855 2088 i

207 2134 275 2193 lam
288 2128 346 2195 tibi
355 2128 515 2194 donentur
528 2128 755 2210 thymiamate,
768 2131 863 2194 thura
877 2139 1068 2217 enecentur,

249 2241 285 2300 ut
297 2240 330 2299 te
344 2239 493 2317 pecatum
503 2235 645 2299 muudus
655 2236 772 2300 habere
782 2240 898 2319 queat!
916 2262 933 2297 e

210 2369 383 2451 Respondit
394 2369 595 2432 Mechemes:
612 2391 628 2427 «
643 2373 687 2432 Ne
699 2387 751 2433 me
761 2373 884 2450 jactare
896 2373 1032 2456 viderer,

249 2476 447 2558 propositum
460 2477 565 2538 fueret
578 2475 639 2539 ista
651 2475 744 2540 silere
754 2477 816 2541 mei
830 2480 872 2559 (1)
883 2506 892 2562 3

209 2585 270 2650 Sed
280 2601 363 2666 quae
375 2584 444 2650 vult
456 2598 513 2664 per
524 2601 578 2646 me
590 2581 659 2647 fieri
674 2582 780 2649 divina
792 2588 954 2671 potestus,

247 2709 302 2772 per
314 2708 366 2754 me
380 2709 448 2754 non
460 2689 529 2753 fieri
543 2689 683 2753 criminis
696 2707 766 2754 esse
776 2709 858 2756 reor.

209 2803 290 2878 Ergo
304 2799 395 2862 locus
407 2799 514 2861 certus
527 2800 560 2858 et
571 2797 725 2860 terminus
741 2797 938 2881 instituatur,

248 2904 281 2966 in
292 2921 356 2985 quo
370 2903 561 2969 convenient
574 2920 647 2965 cum
657 2902 776 2982 populo
788 2920 957 2984 proceres,

209 3013 247 3073 Ut
260 3012 434 3073 referamus
446 3008 491 3071 eis
504 3024 587 3089 quae
601 3008 642 3069 sit
656 3006 761 3071 divine
775 3009 944 3090 voluntas,
981 3046 985 3055 ·

248 3116 382 3198 qualiter
396 3114 529 3179 infirmis
542 3130 672 3195 parcere
685 3113 861 3194 provideat.
885 3111 890 3121 ’

210 3223 412 3305 Longinques
423 3222 521 3303 igitur
531 3224 696 3302 percurret
708 3219 840 3301 epistole
852 3225 980 3304 partes,

251 3331 364 3394 nuntie
377 3332 572 3407 conventus,
588 3325 738 3408 temporis
751 3330 847 3407 atque
859 3329 932 3392 loci.
950 3353 963 3389 r

212 3437 336 3501 Dictum
347 3437 513 3517 laudetur3
528 3435 668 3497 edictum
680 3434 832 3516 mittitur3
845 3452 956 3499 ornnes
1023 3496 1028 3507 ,

252 3549 318 3608 tam
330 3544 525 3626 Mechcmi(s)
535 3556 652 3605 nomen
663 3560 760 3623 quam
772 3560 856 3608 nove
869 3545 953 3608 fama
967 3553 1082 3614 movet.

212 3654 375 3715 conventu
390 3652 493 3730 tecto,
510 3646 704 3724 Mechcmits)
715 3648 864 3712 facundia
878 3656 985 3732 captat

253 3775 346 3820 eures
360 3761 392 3820 et
405 3759 545 3837 mentes7
562 3753 720 3836 gestiunt,
735 3773 806 3836 ore,
821 3774 919 3819 manu
932 3786 940 3835 3
1059 3742 1062 3751 ’

214 3865 302 3928 Unde
315 3864 392 3927 setis
405 3864 515 3943 mirer,
530 3863 557 3924 si
570 3863 620 3927 vel
633 3863 692 3924 suit
702 3880 786 3923 unus
798 3861 830 3923 in
844 3863 904 3925 iilis

254 3971 308 4050 qui
321 3969 492 4034 Meehcmis
505 3968 606 4033 verbis
618 3969 716 4032 nollet
728 3970 846 4030 hebere
857 3969 962 4032 fidem.

147 4188 177 4240 tt)
191 4183 253 4228 Mihi
267 4183 322 4226 dens
334 4184 360 4226 Β.
