3118 5198
553 489 716 546 -nta-

83 622 111 679 et
124 619 163 680 de
175 617 290 698 lignis)
305 616 400 681 nimis
412 618 456 694 (l)
469 616 542 679 altis
554 616 627 678 lacti
643 620 718 678 sunt
732 616 888 682 turrilices
902 621 960 698 (eh

83 724 319 804 destruxerunt,
334 716 616 786 occiderunt‘sicut
624 720 709 785 naus
722 722 840 802 voluit3

83 831 112 889 ct
123 830 267 891 iecerunt
279 827 367 907 quod
380 845 399 890 a
411 827 533 890 mundo
545 842 721 907 numquam
732 827 767 902 (l.
779 830 954 907 nunquam)
974 828 1060 892 credi
1077 831 1190 910 potuit.

83 981 155 1062 Sed,
170 983 313 1063 utputo,
329 980 387 1044 soli
401 979 460 1045 viri
473 980 528 1061 qui
541 979 645 1042 exisse
657 978 798 1041 riserant
809 979 843 1053 (l.
856 978 1034 1056 videruntl)

83 1086 156 1149 alios
168 1085 323 1148 mandant
335 1086 518 1167 palumbos,
533 1083 586 1164 qui
602 1084 722 1146 factum
736 1082 912 1146 edisserant
924 1085 956 1163 (l.
973 1082 1189 1161 edixerunti):

82 1211 139 1274 quo
153 1191 280 1273 audito,
294 1209 352 1254 rex
366 1174 507 1253 liminus
517 1190 663 1270 desperat
677 1189 717 1253 de
731 1188 868 1271 viribus,

86 1301 183 1364 ethoc
192 1300 349 1378 iactumd.
361 1299 459 1372 iacto)
467 1297 671 1377 perturbatus
679 1298 796 1358 tractat
806 1312 881 1358 cum
887 1294 1092 1375 principibus.

27 1470 28 1495 ³
87 1462 164 1521 luter
178 1459 256 1521 llaec
266 1456 381 1537 regalis
394 1457 496 1520 stolus
509 1456 644 1520 discedit
657 1458 690 1518 et
703 1456 844 1537 navigat,

86 1567 189 1644 etjam
201 1563 287 1629 videt
300 1563 370 1626 illas
383 1564 479 1626 urbes
487 1579 568 1643 quas
581 1561 722 1625 liminus
735 1560 877 1624 habitat:

85 1674 299 1752 marepterra‚
314 1668 397 1732 muri
410 1668 494 1749 pleni
508 1668 642 1750 paganis
655 1668 841 1748 teterrimis,

84 1795 160 1857 quos
171 1777 370 1841 conduxerat
382 1778 537 1857 superbus
551 1778 592 1839 ab
605 1775 757 1839 extremis
768 1774 923 1839 terminis.

86 1936 138 1999 llic
148 1937 265 2018 incepit
277 1936 440 2000 adulando
455 1937 635 2001 demulcere
648 1939 801 2017 populum

86 2046 116 2105 et
126 2043 265 2124 captivos
277 2044 493 2125 promittendo
507 2044 710 2124 pertrahebat
721 2044 841 2125 otium3

86 2151 138 2214 sed
148 2153 209 2216 lioc
221 2151 339 2233 sprevit
350 2151 540 2215 Benedictus
553 2155 697 2233 astutus,
712 2152 765 2214 Dei
781 2154 862 2214 nutu
980 2148 985 2159 '

23 2254 24 2283 '
86 2261 126 2337 (et
136 2265 238 2336 sacra)
251 2259 471 2336 illuminatu(s)
483 2260 555 2322 luce
569 2257 828 2338 Sancti-Spiritus
837 2262 891 2335 (3).

22 2380 24 2403 Ι
87 2423 179 2483 Vocat
192 2420 247 2497 [ad
256 2423 302 2496 se]
311 2423 440 2483 Petrum
448 2422 484 2481 'et
497 2418 718 2499 sismundum,
731 2417 923 2499 principales
934 2418 1098 2494 consules,

86 2526 137 2599 (et)
148 2525 349 2587 Lambertum
363 2527 395 2586 et
412 2523 631 2604 Glandullnm,
646 2522 732 2586 cives
745 2522 811 2585 cari
823 2525 858 2599 (l.
874 2526 998 2599 canoel)
1013 2520 1154 2601 nobiles,

87 2630 198 2692 revelat
210 2628 299 2710 quod
311 2630 373 2692 hoc
386 2628 527 2692 liminus
540 2628 637 2692 iaciat
647 2630 682 2705 (l.
698 2627 786 2713 iacit)
799 2646 840 2692 ex
854 2629 984 2709 insidia,

87 2733 143 2797 hoc
156 2738 259 2798 totum
270 2752 312 2798 ex
325 2734 517 2799 tradimento
531 2738 566 2798 et
577 2734 656 2797 mira
666 2734 813 2815 perfidia.

88 2894 161 2958 ilinc
174 2895 395 2973 conscendunt
406 2911 521 2976 parvas
535 2912 632 2961 naves
647 2897 739 2961 tracti
754 2898 795 2960 ad
809 2897 994 2975 cdnsilium3

88 3000 291 3067 decreverunt
304 3004 404 3066 solam
415 3018 557 3083 pugnam
569 3003 721 3080 trac'(ta)ti
734 3002 776 3065 ad
785 3003 960 3085 praelium,

21 3124 22 3165 i
87 3108 120 3167 ut
131 3108 190 3171 hoc
204 3109 309 3171 solum
318 3108 478 3188 iudicaret
490 3109 632 3174 divinum
643 3109 811 3189 judicium.

87 3346 147 3408 lloc
159 3347 219 3409 luit
232 3348 399 3428 antiquum
413 3346 527 3410 festum
542 3349 645 3411 sancti
655 3348 730 3413 'Sisti
742 3346 867 3427 nobile,

21 3462 22 3519 ἴ
86 3450 134 3529 qui
144 3452 176 3529 (l.
191 3452 286 3533 quot)
298 3455 374 3516 sunt
387 3468 509 3534 semper
527 3452 713 3519 pisanorum
727 3448 870 3519 de'coelo
884 3456 1051 3541 victdriac3

81 3702 84 3707 Ι
109 3651 212 3722 (illinus
225 3650 246 3695 la
255 3650 329 3705 pipille
345 3650 442 3719 lotinipe,
458 3652 537 3701 Nimia
549 3653 618 3699 s'ean·
648 3657 719 3725 ¹chine
733 3657 761 3701 de
779 3669 860 3728 guerre
878 3659 930 3702 dont
947 3671 977 3702 ou
992 3670 1017 3704 ae
1036 3662 1119 3705 sarvait
1141 3674 1197 3729 pqur

80 3709 161 3767 ploiart
174 3718 269 3757 convent
280 3714 336 3759 dans
345 3710 366 3757 ic
375 3718 427 3759 deus
435 3715 463 3759 de
478 3714 548 3759 Valde
558 3730 566 3758 .·
653 3717 748 3773 prendre
762 3719 793 3763 les
805 3718 866 3763 villos
877 3722 995 3764 entourdes
1004 3721 1031 3765 de
1038 3720 1157 3768 murailiea.
1166 3722 1197 3769 Ge

125 3795 212 3836 ragione·
221 3796 278 3829 nimi·
287 3798 370 3837 perenm
380 3790 438 3830 armi.
447 3799 541 3838 primm
654 3783 714 3833 mot,
733 3782 771 3835 qui
786 3788 883 3836 mannua
895 3782 952 3826 dans
967 3782 987 3826 la
1002 3784 1103 3828 nouvelle
1114 3785 1198 3831 edition

184 3862 339 3919 Amphitruo,
352 3871 397 3910 aa·
409 3866 432 3915 Ι,
444 3877 476 3911 w·
488 3877 508 3917 Ι,
520 3879 543 3910 v·
552 3871 589 3912 63·
654 3841 720 3885 dedu
731 3841 813 3897 Gange,
822 3843 906 3887 semble
915 3844 978 3888 avoir
987 3843 1022 3888 ele
1032 3843 1101 3890 forme
1110 3858 1197 3892 comm

139 3943 143 3953 ‚
170 3945 176 3955 ,
208 3945 213 3956 ,
369 3947 375 3956 ,
655 3900 761 3957 artefice.

86 3938 125 3986 les
133 3955 242 3989 ecnvains
252 3946 444 4002 ecclesiastiqucs,
455 3953 477 3991 el
485 3952 620 3992 notamment
682 3974 711 4028 (3)
725 3974 755 4017 La

88 4001 117 4047 les
126 4006 264 4052 traduoteurs
272 4008 300 4052 de
309 4008 329 4052 la
341 4008 414 4063 Bittio,
427 4015 466 4053 ont
480 4010 583 4054 continue
594 4010 621 4054 de

87 4064 115 4108 lui
125 4066 205 4113 donner
218 4074 278 4113 cette
290 4069 446 4125 signification.

770 3974 825 4018 rime
836 3980 882 4027 cst,
893 3986 1016 4018 commacu
1026 3976 1087 4029 voit,
1101 3978 1144 4023 lort
1153 3981 1197 4025 im-

656 4034 763 4091 puriaite;
780 4040 893 4091 peut-etro
907 4036 927 4079 le
941 4040 1004 4090 poete
1017 4038 1087 4080 a-t-il
1100 4040 1197 4087 clierclie

657 4097 780 4152 asuppleer
795 4099 860 4142 deon
875 4097 1016 4141 insufflsnnce
1034 4110 1075 4154 par
1088 4100 1127 4144 des
1141 4115 1196 4147 con-

113 4153 139 4207 (il
157 4154 287 4199 Fabricants
304 4156 331 4200 de
349 4163 414 4211 tour,
432 4158 512 4213 esptcc
532 4159 558 4203 do
572 4170 621 4201 mn·
656 4161 929 4204 sonnencesioterieures.
