3162 5188
609 532 750 587 -Π-

269 649 304 712 lit
317 650 350 712 in
363 654 476 714 sancto
488 652 631 716 carnifex
644 654 749 719 carnis
762 659 1002 736 sacrosanctae,

268 750 389 814 scutica
402 771 469 816 non
481 752 612 834 virgulis
625 772 725 835 equos
735 757 769 831 (l.
784 774 899 836 corpus
909 762 934 835 i)
944 758 1123 821 edomante.

268 878 355 942 Libet
367 879 401 943 in
415 881 476 943 hac
488 881 569 944 serie
579 884 743 962 paululum
757 885 874 969 morari
886 910 895 965 3

268 984 351 1045 hanc
365 983 610 1048 amaritudinem
622 986 716 1050 dulce
729 989 779 1049 est
791 988 908 1068 profari
920 1014 929 1070 ς

268 1088 365 1151 sentit
376 1108 458 1170 quae
470 1108 530 1155 nec
543 1090 686 1154 sentiunt
698 1094 804 1172 plures
818 1111 922 1174 neque
935 1094 1016 1175 rari,

268 1209 327 1255 nec
338 1192 384 1256 sio
397 1197 502 1257 solent
514 1195 622 1278 indui,
636 1215 695 1261 nec
706 1198 753 1262 sic
765 1200 927 1280 flagellari.

270 1327 406 1407 Explens
416 1327 450 1389 in
461 1327 618 1391 canonico
631 1330 842 1411 monachum,
856 1331 969 1392 beatus

271 1436 356 1496 veste
369 1450 403 1496 se
417 1433 566 1497 induerat
575 1434 742 1515 utriusque
755 1439 858 1498 status
869 1462 878 1517 3

270 1537 329 1600 sub
340 1537 390 1600 bis
403 1541 453 1600 est
464 1537 567 1603 cilicio
581 1538 698 1619 duplici
714 1543 865 1620 sagatus,

271 1646 357 1724 aptat
368 1645 430 1707 hoc
443 1643 632 1724 femoribus,
650 1644 745 1707 vestit
757 1644 811 1707 illo
824 1646 919 1707 latus.

270 1772 314 1830 Ne
324 1768 445 1832 fallacis
459 1769 579 1849 gloriae
590 1769 697 1831 trahat
708 1771 794 1832 bunc
806 1769 916 1850 ruina,

271 1873 360 1936 lineis
373 1875 533 1938 velaverat
548 1892 627 1953 saga
637 1872 762 1936 cilicina
774 1878 819 1950 (1)
831 1899 839 1955 3

271 1978 328 2039 sed
341 1977 494 2041 dulcescit
507 1977 621 2040 acriter
632 1978 784 2040 haustum
795 1979 858 2040 mel
871 1978 912 2040 de
923 1978 1028 2058 spina,
1121 2030 1123 2039 ,

272 2084 363 2145 melle
375 2082 451 2149 litus
465 2083 589 2164 gladius
602 2087 635 2146 et
647 2084 752 2147 virosa
765 2084 848 2148 vina.

273 2211 324 2274 llis
336 2212 476 2276 undatus
490 2212 639 2276 omnibus
651 2212 699 2277 vir
712 2212 838 2276 virtutis
851 2216 975 2292 tantae,

273 2339 291 2383 a
303 2317 449 2382 ministro
462 2318 624 2400 caeditur,
637 2320 758 2399 sputica
768 2322 800 2399 (l.
817 2319 950 2395 scutica)
960 2321 1123 2399 pulsante,

272 2422 369 2485 scissa
382 2425 458 2485 sunt
468 2422 614 2486 flebiliter
627 2424 710 2489 vitae
722 2424 804 2505 patri
814 2427 944 2488 sanctae

274 2529 404 2607 collum,
420 2530 566 2611 dorsum,
581 2530 721 2610 humeri,
736 2533 842 2612 nates,
856 2542 965 2610 crura,
980 2531 1116 2610 plantae.

273 2659 347 2718 Esse
360 2657 492 2720 studens
505 2657 632 2722 victima
646 2658 789 2739 partibus
802 2657 852 2721 his
863 2657 956 2738 totis,

273 2759 372 2823 instat
382 2778 472 2844 reus,
488 2762 642 2826 innocens
656 2764 802 2843 precibus
816 2767 849 2825 et
861 2763 964 2844 votis,

273 2862 374 2940 parcit
388 2864 517 2926 taudem
531 2865 664 2927 artubus
675 2865 762 2928 zelus
775 2863 827 2927 bic
842 2864 970 2944 zelotis,

273 2981 366 3044 saepe
380 2965 488 3029 tinctis
502 2967 676 3049 sanguine,
692 2985 858 3047 nunquam
868 2986 934 3032 non
948 2966 1105 3047 aegrotis,

273 3068 377 3149 aegris
390 3088 486 3150 aegre
499 3072 650 3153 parcitur,
666 3071 754 3134 dirae
766 3072 851 3134 dono
865 3072 965 3152 dotis,

272 3178 345 3255 post
357 3158 531 3257 flagrorum
545 3178 662 3240 lerulas
675 3176 760 3256 sagis
771 3193 848 3238 mox
862 3176 1008 3239 admotis.

273 3308 349 3369 Post
362 3308 427 3368 tam
437 3306 515 3370 levis
525 3306 675 3386 ponderis
688 3323 797 3369 roseos
812 3308 961 3385 ornatus,
1026 3377 1028 3381 y

273 3428 351 3473 mox
364 3410 398 3473 in
409 3427 505 3489 sagae
520 3411 650 3492 cyclade
663 3410 739 3473 loris
755 3413 804 3472 est
817 3411 958 3472 arctatus
972 3437 980 3470 ε

274 3516 363 3594 aptat
374 3515 436 3576 hoo
450 3513 638 3595 femoribus,
653 3513 749 3577 vestit
762 3513 816 3575 illo
829 3514 934 3592 latus,

275 3616 388 3679 nonde
402 3617 538 3698 fossam,
553 3615 645 3678 lineis
656 3619 768 3695 tegens
779 3614 949 3677 cruciatus.

275 3744 441 3807 Reindutis
453 3743 642 3825 splendidis,
657 3744 720 3807 hoc
733 3747 917 3819 (exprnans
931 3760 1031 3822 onus,

277 3851 348 3914 talis
360 3869 436 3914 suos
449 3851 560 3932 latuit,
574 3867 649 3914 vere
662 3850 744 3912 latro
758 3849 882 3928 bonus,

162 4050 186 4107 (l)
200 4048 247 4096 Non
257 4051 326 4095 solum
341 4051 400 4096 enim
414 4048 512 4096 cilicium
526 4061 565 4105 pro
577 4049 671 4094 camisia
706 4060 746 4105 per
754 4049 876 4093 honestatis
887 4048 967 4103 rigore,
977 4045 1018 4090 sub
1032 4045 1135 4090 decentia
1147 4046 1243 4091 restium

139 4107 258 4168 deferebat,
277 4113 315 4158 sed
332 4119 354 4158 ct
370 4113 483 4158 femoralia
499 4111 586 4157 cilicina
600 4123 671 4168 usque
707 4120 729 4156 ct
747 4116 856 4167 apparatu
874 4109 1004 4155 utensilium
1027 4108 1172 4153 concordaret
1192 4121 1243 4154 oum

141 4173 163 4216 ad
173 4175 274 4232 poplitem
287 4175 414 4233 bajulabat,
431 4174 575 4220 sanctitatem
595 4178 670 4218 autem
707 4169 1243 4231 moribusslngulorurn3lependoourempffl.

140 4248 195 4282 suam
204 4239 236 4284 ita
245 4241 354 4285 subtiliter
361 4240 495 4292 occultabat,
503 4243 536 4291 ut,
547 4236 671 4281 salrosem-
