3160 5196
852 471 892 478 —
907 441 1015 497 388—

472 568 547 629 Tam
560 565 685 646 magnis
696 564 795 646 igitur
806 566 969 646 promissis
981 567 1034 631 illa
1047 567 1165 649 ligata,

511 671 537 735 si
551 688 698 752 proceres
710 672 858 753 laudent,
874 673 995 737 nubere
1008 674 1145 753 spondet
1156 674 1198 737 ei.

471 783 560 843 'lune
573 780 752 843 llaclromes
766 779 910 860 gaudens
922 779 990 843 exit
1001 779 1136 845 festinus
1147 781 1188 844 ab
1198 780 1273 863 illa3

510 887 552 950 ad
566 904 713 967 proceres
726 887 842 969 ambit3
857 903 1119 968 muneramagna
1133 891 1236 968 parat.

471 996 562 1059 llune
575 994 674 1058 tralrit
682 995 715 1058 in
729 997 872 1075 partem,
887 997 1011 1059 secreto
1022 997 1165 1076 postulet
1177 996 1267 1061 illum
1281 1024 1291 1079 3

511 1104 599 1166 lrune
612 1102 671 1179 sihi
684 1101 849 1184 promissis
862 1101 978 1184 allicit,
993 1104 1080 1166 hune
1093 1102 1253 1184 precihus.

471 1213 591 1273 durum
603 1209 778 1290 promittit,
793 1211 979 1291 argentum,
998 1209 1113 1291 pallia,
1127 1214 1253 1292 uestes,

512 1315 667 1396 quidquid
681 1320 768 1378 amat
780 1316 937 1397 mundus,
958 1315 1115 1398 quidquid
1128 1319 1247 1382 lrabere
1260 1318 1371 1400 cupit<
1391 1321 1410 1397 ).

471 1427 549 1488 Rem
563 1427 670 1487 lamen
685 1425 844 1505 occultat,
858 1423 919 1487 nisi
933 1424 987 1505 qui
1001 1425 1036 1500 (l.
1048 1424 1101 1488 cul
1110 1429 1135 1501 2)
1151 1425 1326 1492 limaverit
1338 1430 1412 1491 ante

511 1529 598 1611 quod
612 1531 695 1594 ferat
707 1548 750 1594 ex
760 1533 831 1594 toto
845 1530 942 1595 eorde
952 1533 1105 1612 juvamen
1119 1533 1160 1595 el.

471 1642 641 1720 Postquam
653 1656 711 1720 per
720 1641 827 1720 partes
839 1631 1020 1702 llaclromes
1030 1637 1077 1703 sie
1089 1654 1249 1721 quemque
1260 1640 1390 1723 ligavit,

512 1749 549 1808 ut
562 1746 641 1810 nulli
655 1749 741 1809 retro
755 1746 869 1809 cedere
879 1748 948 1826 lam
960 1745 1076 1827 liceat3

471 1852 610 1917 consilio
620 1853 779 1933 prudens,
794 1870 906 1916 omnes
917 1852 1075 1916 conduxit
1088 1854 1122 1916 in
1135 1871 1253 1935 unum,

514 1962 547 2022 el
558 1978 624 2041 quo
637 1977 689 2023 ree
702 1958 814 2023 tendat
826 1959 976 2023 omnihus
989 1959 1148 2023 innotuit:

472 2068 598 2134 Scilicet
609 2070 646 2130 ut
658 2067 738 2130 liber
750 2067 826 2148 liat,
841 2066 1047 2131 laedentibus
1061 2067 1122 2132 illis
1134 2116 1143 2150 ,

512 2178 546 2239 et
555 2192 612 2256 per
625 2192 682 2237 eos
693 2173 842 2238 dominae
855 2172 957 2254 possit
969 2174 1090 2250 habere
1104 2176 1233 2239 thorum
1246 2225 1256 2257 ‚

472 2290 603 2365 lamque
615 2281 812 2346 manumisso
825 2280 882 2343 sibi
898 2281 1032 2347 reddere
1042 2299 1110 2345 non
1124 2287 1236 2362 gravet
1250 2284 1322 2347 illos

513 2394 608 2454 antea
618 2407 701 2470 quae
715 2388 846 2452 domino
859 2386 965 2450 debila
979 2387 1195 2451 reddiderant.

473 2500 498 2559 0
512 2513 645 2560 coecum
656 2495 743 2558 virus
754 2512 820 2574 quo
831 2497 940 2573 turget
954 2494 1062 2575 iniqua
1077 2494 1214 2577 cupido,

516 2619 581 2681 quo
594 2601 691 2663 semel
704 2599 846 2663 imbutus
859 2617 894 2661 se
907 2617 1036 2678 quoque
1049 2599 1151 2663 nescit
1161 2601 1259 2663 lromo
1272 2600 1280 2660 l

474 2715 537 2773 llos
550 2709 593 2771 ita
607 2707 751 2772 coecavit
764 2705 887 2769 nummi
899 2706 1037 2789 species,
1053 2708 1150 2769 rubor
1163 2706 1252 2786 auri,

513 2815 601 2898 quod
615 2814 736 2879 iaciunt
749 2813 911 2877 dominam
923 2813 1022 2877 ducat
1034 2816 1071 2876 ut
1082 2813 1134 2876 ille
1147 2831 1239 2879 suam
1254 2842 1263 2875 ε

474 2925 571 3003 Cujus
584 2923 677 2985 erant
689 2919 809 2984 domini
824 2920 907 2983 liunt
917 2920 959 2982 oh
972 2936 1106 2982 munera
1120 2919 1202 2983 servi
1216 2948 1225 3001 3

515 3029 612 3092 libera
626 3030 812 3110 supponunt
823 3028 905 3091 colla
919 3044 1098 3107 manusque
1109 3029 1201 3107 jugo.

474 3139 522 3202 sd
535 3137 696 3201 dominam
709 3138 881 3216 properant
893 3139 927 3197 et
936 3135 1024 3216 quod
1035 3134 1241 3198 llaclrometis
1254 3136 1296 3198 ab
1309 3153 1366 3199 ore

514 3244 701 3323 audierant,
717 3241 761 3304 illi
774 3240 967 3322 persuadere
980 3239 1111 3303 student
1125 3268 1134 3302 ε

476 3376 491 3410 a
507 3351 537 3416 Si
552 3351 700 3416 dominus
714 3351 835 3429 noster,
853 3370 868 3405 >›
884 3347 1014 3429 dicunt,
1032 3372 1048 3408 a
1064 3352 1139 3410 tuus
1153 3348 1205 3411 ille
1218 3348 1368 3428 meritus,

515 3456 630 3520 nobilis
641 3460 674 3518 et
687 3455 828 3536 sapione,
842 3471 908 3518 non
922 3457 1100 3517 moreretur
1112 3455 1236 3536 adhue,

476 3569 545 3628 Non
558 3564 614 3627 tihi
628 3564 752 3628 vicinus
762 3566 978 3643 praesumeret
989 3562 1074 3625 ullus
1087 3563 1201 3625 obesse
1214 3589 1223 3644 3

516 3675 666 3736 externos
678 3671 775 3736 etiam
788 3670 940 3734 subderet
953 3669 1005 3733 ille
1018 3668 1095 3749 tibi3

476 3780 588 3843 Omnia
602 3782 745 3861 curaret,
761 3778 943 3858 disponeret
955 3774 1077 3855 omnia3
1092 3776 1181 3839 nulla

516 3889 677 3952 morderet
690 3889 829 3951 mentem
840 3883 1020 3950 sollicitudo
1033 3888 1121 3946 tuam
1134 3931 1142 3964 ,

408 4148 436 4187 llt
451 4142 526 4189 rouo
539 4142 594 4185 dans
605 4141 633 4183 B.
