3146 5192
704 518 744 571 ’»
795 533 960 591 -rrt-

415 667 523 732 Omnis
538 667 634 729 homo
649 659 805 744 gaudeat!
822 664 881 723 Tot
892 678 990 742 papas
1001 662 1164 728 ridemus!

416 779 485 838 Non
499 789 576 853 ergo
591 772 630 834 de
644 769 736 833 Curia
750 786 882 832 romana
894 787 1061 852 curemus3

417 900 491 944 nam
504 882 620 944 cuncta
634 895 708 941 cum
721 876 883 939 Fratribus
896 878 977 940 haec
990 879 1197 958 expediemus

418 987 591 1052 dummodo
605 984 772 1066 pecuniam
786 1001 882 1064 quam
894 987 1007 1065 petunt
1019 989 1191 1066 portemus.

417 1138 480 1197 Hes
492 1130 623 1212 praelati
638 1128 763 1211 pessimi
777 1128 831 1209 qui
846 1129 930 1191 fama
945 1130 1092 1192 laborant

416 1352 553 1428 quorum
566 1345 667 1407 multa
681 1342 812 1406 erimina
826 1343 943 1405 famam
955 1344 1161 1425 decolorant,

418 1473 458 1517 ne
471 1453 557 1534 ipsos
569 1451 782 1531 redarguant,
798 1453 933 1530 pascunt
945 1454 978 1512 et
992 1451 1163 1515 honorant.

419 1598 520 1676 thue
530 1611 587 1676 per
599 1592 763 1674 episcopos
776 1595 901 1655 Fratres
913 1597 1116 1676 venerantur,

420 1702 465 1766 sie
478 1719 534 1782 per
547 1701 633 1781 ipsos
646 1699 778 1764 crimina
792 1717 851 1762 sua
865 1700 1036 1780 palliantur
1048 1727 1056 1781 3

422 1811 499 1873 dum
512 1826 581 1871 sese
594 1807 737 1871 funiculo
751 1806 807 1870 tali
821 1807 1038 1889 foederantur,

399 1994 404 2007 δ
422 1916 472 1978 his
485 1915 599 1979 erescit
612 1912 844 1996 praesumptio,
860 1912 903 1975 illi
916 1914 1140 1994 depravantur.

422 2063 499 2123 Nam
513 2059 539 2121 si
554 2059 594 2121 de
607 2057 656 2123 tris
668 2056 825 2139 quispiam
839 2060 922 2121 esset
935 2062 1122 2140 accusatus,

421 2171 546 2230 Fratres
554 2167 709 2229 clamant:
726 2164 870 2229 Sanctior
879 2182 944 2228 non
953 2164 1032 2229 vivit
1040 2167 1210 2245 praelatus.

421 2273 570 2350 Quamuis
582 2272 785 2354 symoniacus
798 2275 895 2335 notus
908 2276 941 2334 et
951 2274 1119 2352 probatus,

421 2381 467 2444 sic
480 2382 640 2461 praelatus
650 2382 795 2441 remanet
806 2382 839 2440 et
852 2396 961 2442 seeum
975 2383 1094 2443 reatus.

421 2519 459 2579 Et
472 2532 545 2578 eum
558 2531 647 2577 mere
658 2512 752 2576 solito
766 2512 888 2576 faciunt
901 2531 1098 2596 sermonem,

421 2622 569 2687 videntur
581 2621 614 2683 in
626 2620 779 2684 cathedra
793 2620 870 2682 dare
882 2620 1052 2684 lectionem
1065 2647 1074 2702 3

420 2730 482 2793 true
497 2729 539 2791 ad
552 2745 643 2791 suam
657 2726 779 2790 faciunt
793 2726 1105 2808 [h]0stentati0nem,

418 2838 474 2900 sed
487 2855 553 2900 nun
567 2833 765 2898 audientium
778 2834 820 2896 ad
833 2832 1087 2898 instructionem.

417 2975 536 3034 Horum
548 2988 615 3033 nun
627 2968 768 3034 invenies
777 2985 969 3048 quemquam
977 2968 1082 3032 verbis
1093 2973 1219 3050 partum
1231 2973 1264 3047 (l.
1276 2980 1437 3053 parcum),

418 3084 450 3143 et
463 3079 562 3161 pudet
575 3077 727 3140 inducere
739 3076 922 3139 Mathaeum
933 3079 965 3137 et
978 3079 1168 3155 Mare[h]um

417 3188 473 3251 sed
484 3204 540 3266 per
554 3183 745 3247 Aristotilem
758 3186 791 3245 et
803 3200 859 3263 per
873 3182 1091 3247 Aristarchum

415 3433 519 3504 Quum
532 3427 684 3490 deberent
697 3424 849 3504 pupulum
863 3422 905 3484 ad
917 3422 1039 3486 benum
1051 3425 1216 3508 (hmrtari,

415 3537 654 3617 quaeruntcum
662 3532 696 3607 (l.
706 3534 795 3606 curi)
804 3528 966 3610 opportuit
975 3530 1147 3609 spth)eram
1156 3536 1338 3619 rotundari,

415 3646 447 3705 et
460 3642 618 3722 quaerunt
630 3639 670 3701 de
684 3637 821 3717 circula,
837 3635 862 3698 si
877 3640 985 3717 posset
995 3637 1145 3718 quadrari
1159 3667 1167 3721 3

414 3750 462 3813 sei
475 3751 554 3829 quot
567 3746 662 3808 dehet
675 3744 826 3824 gradihus
839 3742 872 3805 in
886 3743 978 3823 signo
991 3746 1120 3807 morari.

413 3882 538 3963 trigono
550 3882 583 3956 (l.
599 3879 753 3959 Trigonus
762 3883 786 3953 i)
799 3877 1028 3958 quadrangulis
1042 3881 1067 3942 si
1082 3882 1153 3962 quis
1164 3885 1334 3972 alte(ra)ri,

412 3991 498 4054 unde
514 3989 648 4069 possunt
663 3988 697 4063 (l,
713 3984 835 4066 possint
844 3990 868 4061 i)
887 3986 1057 4065 grandiens
1077 3989 1111 4064 (Ι.
1129 3994 1296 4074 grandius)
1314 4002 1436 4062 aestate

385 4098 454 4160 ·de
466 4096 516 4159 his
527 4099 560 4157 et
572 4092 726 4158 similibus
739 4110 804 4155 nun
818 4092 994 4168 dehetremt
1007 4094 1084 4177 sari,
1317 4106 1433 4185 [arar53

411 4220 486 4265 rum
500 4220 565 4263 non
579 4199 678 4280 possit
688 4201 824 4279 populus
837 4199 887 4261 his
898 4200 1068 4263 aedificari.
