3162 5188
844 542 988 594 „ggffl

397 677 489 725 mons
515 662 560 724 Or
579 663 826 743 nominatur(1)‚
839 665 931 725 -ab
956 664 1121 746 utriusque
1142 679 1240 727 sexus
1262 665 1387 729 duobus
1407 668 1480 729 vir-

397 767 523 847 ginibus
536 767 709 848 invonitur,
723 805 762 813 -
776 786 833 849 per
846 770 985 850 aquilam
998 756 1189 853 ostenditur,
1200 807 1242 820 -
1255 773 1419 837 abomino
1433 774 1480 837 de

396 872 494 937 coelio
507 878 721 937 consecratur.

355 990 390 1047 ln
403 990 512 1049 monte
523 990 565 1049 Or
577 1006 634 1067 per
647 989 785 1069 aquilam
798 990 840 1051 ad
853 990 1056 1053 serviendum
1071 995 1134 1054 beo
1156 990 1348 1055 describitur
1359 993 1476 1074 locus,

394 1129 435 1137 -
456 1093 488 1155 in
512 1112 576 1174 quo
601 1095 784 1160 renovanda
805 1100 874 1159 erat
899 1096 1014 1160 veteris
1038 1096 1193 1179 hominis,
1221 1096 1305 1161 sicut
1329 1099 1478 1179 aquilae,

391 1200 554 1278 J'uventus.

353 1313 415 1376 Sed
427 1331 468 1376 ne
482 1315 544 1376 hoc
564 1314 669 1394 aliquo
688 1332 764 1378 casu
779 1316 951 1397 contigisse
972 1319 1012 1380 ab
1036 1318 1210 1382 incredulis
1220 1319 1415 1400 crederetur,
1433 1356 1482 1365 -

394 1417 444 1480 die
463 1418 602 1496 natali[s]
622 1421 761 1501 Domini,
786 1439 860 1485 cum
882 1439 948 1485 uox
971 1422 1199 1487 detrimentum
1221 1423 1339 1503 potitur
1363 1426 1397 1487 et
1416 1426 1480 1487 lux

394 1526 542 1604 augetur,
559 1559 596 1568 -
610 1525 839 1606 quadriennio,
855 1527 1009 1589 continuo
1023 1544 1118 1607 super
1138 1526 1292 1609 volando,
1307 1531 1480 1591 monaste-

394 1628 476 1690 rium
489 1630 623 1693 circuire
636 1632 747 1694 eadem
761 1632 878 1713 aquila,
887 1631 1082 1695 mirantibus
1095 1631 1254 1713 plurimis,
1269 1633 1477 1696 cernebatur.

354 1753 441 1824 Quae
458 1768 534 1814 vero
547 1750 701 1814 virtutum
715 1769 830 1833 opera,
844 1789 884 1798 -
898 1740 1019 1833 quanta
1036 1754 1266 1816 miraculorum
1281 1752 1420 1833 insignia
1433 1790 1478 1800 -

394 1856 516 1937 peregit
536 1856 611 1920 inibi
631 1857 721 1920 miles
740 1858 854 1921 Christi
873 1855 1086 1939 leudericus,
1100 1895 1141 1905 -
1153 1862 1263 1921 noster
1277 1876 1343 1922 non
1356 1859 1480 1923 suffieit

393 1978 449 2042 per
462 1961 588 2041 singula
599 1979 744 2042 quaeque
757 1964 990 2026 sermunculus,

355 2087 429 2146 Post
441 2087 549 2146 autem
561 2100 627 2145 non
640 2082 732 2144 multi
750 2098 932 2144 successum
953 2081 1120 2162 temporis,
1133 2099 1259 2143 —cum
1280 2081 1478 2146 leudericus

395 2186 618 2268 presbyteralis
633 2184 754 2247 subiret
769 2201 852 2248 onus
865 2185 1006 2267 honoris⁷
1018 2187 1196 2266 -implere
1209 2188 1320 2250 volens
1334 2186 1480 2250 officium

396 2292 582 2375 sacerdotis,
604 2329 644 2338 -
668 2290 772 2371 coepit
790 2292 938 2355 omnibus
960 2292 1133 2371 praedicari
1147 2295 1213 2372 (sic)
1222 2274 1394 2372 'praecepta
1416 2310 1479 2355 sa-

394 2398 479 2461 lutis.

355 2519 473 2583 Dehinc
496 2517 673 2598 specialiter
694 2516 800 2597 tangit
824 2514 964 2578 animum
987 2515 1144 2596 piissimae
1164 2519 1320 2597 prolis-
1336 2520 1479 2583 Maroadi

396 2641 490 2703 cura,
504 2621 656 2685 carissimi
672 2619 835 2700 genitoris.

356 2745 452 2809 Filius
473 2744 598 2825 sapiens
619 2743 770 2806 laetificat
790 2745 913 2823 patrem
927 2777 966 2788 —
980 2745 1013 2802 et
1026 2742 1116 2803 coelo
1130 2744 1298 2820 regenerat
1315 2759 1349 2803 se
1373 2760 1480 2821 gene-

397 2854 537 2930 rantem3
555 2887 588 2898 -
605 2850 645 2912 de
657 2850 739 2913 laico
753 2849 967 2929 monachum,
986 2884 1025 2893 —
1046 2848 1086 2910 de
1099 2847 1222 2910 latrone
1243 2847 1386 2909 datorem
1407 2848 1479 2911 lar-

399 2953 580 3035 gissimum,
597 2991 630 3000 -
649 2953 689 3013 de
700 2970 792 3015 servo
807 2952 923 3015 diaboli
934 2951 1048 3015 Christi
1059 2950 1133 3014 lecit
1146 2950 1338 3033 libentium(
1361 2958 1381 3029 ).

359 3081 394 3138 ln
407 3076 467 3139 illis
478 3076 575 3156 igitur
586 3074 718 3156 diebus,
735 3072 774 3140 de
785 3077 897 3137 sancto
912 3071 1085 3136 'leudorico
1097 3109 1138 3117 -
1151 3076 1260 3135 sancta
1272 3090 1328 3152 per
1340 3077 1479 3155 populos

399 3181 622 3260 divulgabatur
641 3177 764 3260 opinio,
789 3215 827 3227 -
850 3181 948 3242 utne
971 3179 1068 3242 veluti
1092 3180 1222 3242 lucerna
1244 3182 1391 3242 contecta
1414 3183 1478 3245 sub

398 3295 518 3377 modio,
526 3332 566 3343 —-
577 3295 635 3359 sed
645 3294 828 3357 hominibus
837 3295 959 3357 luceret
968 3293 1002 3355 in
1012 3293 1134 3355 mundo
1142 3319 1150 3374 3
1158 3296 1360 3374 -quantum
1372 3295 1480 3359 fuerat

399 3402 541 3466 sublimis
554 3400 691 3479 meritis,
703 3437 744 3445 -
757 3403 883 3463 tantum
897 3400 1016 3462 clarere
1038 3397 1143 3478 coepit
1156 3396 1288 3479 insignis
1301 3398 1476 3464 miraculis.

361 3528 436 3607 Ejus
449 3539 587 3602 namque
604 3520 785 3584 beatissima
799 3521 883 3582 lama
897 3554 937 3564 —
949 3522 1138 3599 pervenerat
1159 3537 1258 3599 usque
1278 3519 1321 3581 ad
1334 3524 1479 3586 Franco-

400 3650 471 3694 rum
493 3627 577 3708 regis
591 3625 717 3706 palatia.

386 3825 414 3879 (a)
428 3816 712 3867 Peutelrelauldldcrire
722 3815 772 3861 Hor
785 3825 871 3859 comme
880 3813 901 3857 le
936 3815 956 3857 le
974 3813 1027 3869 pere
1043 3812 1157 3870 s’appelait
1168 3811 1306 3859 Marchardz
1322 3812 1352 3858 m
1366 3814 1432 3871 qula,
1454 3823 1480 3862 ut

359 3896 411 3929 nom
429 3883 456 3927 de
467 3883 488 3926 pa
502 3887 621 3935 montagne
636 3879 663 3923 de
680 3876 900 3928 immuto-Peneo,
936 3875 1045 3931 scriptum
1061 3881 1110 3926 est,
1131 3874 1188 3918 lilius
1210 3875 1299 3930 sopiens
1319 3876 1425 3921 laetificat
1439 3892 1479 3937 pa·

360 3946 436 3991 dom„
446 3950 480 3991 επ
490 3943 594 4000 qum„
607 3943 663 3987 dans
676 3938 779 3991 l’ssoeodg
791 3938 826 3982 cb.
837 3947 898 3984 xvir.
937 3944 1009 3991 trem,
1023 3943 1046 3981 et
1064 3938 1125 3982 coelo
1142 3942 1261 3991 regenerat
1278 3948 1303 3981 se
1320 3944 1480 3995 generantem

360 4019 383 4051 v,
397 4012 425 4061 63
444 4019 484 4051 ω,
503 4018 531 4050 0„
549 4004 574 4048 lp
589 4004 645 4048 dans
663 4002 683 4046 la
700 4001 742 4045 vie
760 3999 847 4057 publiea
861 4011 901 4053 par
937 3999 1072 4055 compescui
1086 3998 1187 4044 desiderii
1199 3998 1300 4050 effectus.
1315 4001 1343 4044 de
1356 4001 1414 4046 laico
1428 4016 1480 4048 mo·

361 4068 472 4120 ldabillon,
484 4066 548 4121 delo,
564 4065 631 4111 siecle
648 4065 667 4118 l,
679 4077 700 4119 p.
710 4068 766 4108 617:
781 4063 814 4107 Or
827 4061 900 4117 siqui·
937 4062 1046 4111 nochum,
1066 4062 1093 4105 de
1112 4061 1162 4117 lupo
1179 4072 1259 4115 ovem,
1271 4062 1298 4106 de
1312 4062 1398 4108 latrone
1411 4065 1480 4111 doto-

361 4131 412 4175 dem
429 4130 504 4174 lumen
517 4129 552 4173 vel
566 4125 698 4178 iracundia,
716 4124 763 4168 sive
783 4129 902 4167 montanus
936 4135 984 4167 rem
993 4122 1143 4178 largissimum
1154 4128 1177 4166 et
1189 4123 1217 4166 de
1227 4135 1294 4168 servo
1303 4124 1385 4170 diaboli
1396 4126 1479 4173 Christi

362 4194 527 4248 mmmm,
933 4185 990 4230 lecit
1005 4184 1127 4238 libertem
1146 4184 1203 4228 Acta
1225 4185 1366 4231 Sanctorum
1382 4190 1480 4235 ordinis

389 4253 417 4310 (ol
432 4252 526 4297 suivant
537 4253 557 4295 la
571 4251 611 4294 Vie
628 4248 715 4306 publide
729 4260 770 4303 par
781 4247 901 4300 uuallon,
938 4245 1166 4299 Sancti-Benedicti,
1179 4247 1244 4291 siecle
1255 4249 1273 4301 l,
1288 4260 1309 4304 p.
1322 4254 1369 4294 6¹7.
