3146 5192
786 511 952 568 -lll-

450 629 531 706 Ergo
543 648 599 691 cor
616 651 775 713 apponere
788 640 890 720 magis
904 660 970 704 nou
984 643 1105 707 debetis

448 733 481 794 in
494 738 664 802 mundanis
677 741 789 822 opibus
802 764 882 825 quas
895 766 952 812 vos
965 750 1132 829 possidetis
1147 778 1155 833 3

447 847 563 907 cuncta
578 847 758 912 transitoria
773 856 849 914 sunt
862 872 945 933 quae
958 873 1015 920 vos
1029 856 1143 921 videtis
1158 884 1166 939 ς

447 951 589 1026 quaerite
602 955 870 1037 psalmusgrafum
882 962 924 1040 (1)
938 964 971 1022 et
984 961 1162 1027 invenietis.

447 1108 510 1171 Viri
523 1114 735 1197 venerabiles,
749 1119 922 1183 servientes
936 1140 1030 1204 arae,

447 1216 537 1279 vobis
550 1221 681 1283 mandat
692 1224 843 1288 Dominus
854 1228 978 1307 plebem
991 1230 1168 1313 castigare,

446 1323 617 1390 informare
629 1330 789 1411 moribus,
805 1332 837 1396 in
849 1351 904 1413 spe
918 1335 1062 1399 radicare
1074 1337 1137 1419 (2),

447 1435 484 1494 ut
497 1435 529 1493 et
541 1451 599 1497 vos
611 1452 685 1498 cum
698 1440 816 1518 populo
829 1440 929 1520 possit
942 1444 1097 1507 laureare.

446 1593 540 1655 Vobis
554 1612 631 1674 ergo
644 1598 798 1679 praecipit
812 1601 958 1666 conditor
972 1605 1135 1668 coelorum

446 1702 483 1761 ut
494 1717 552 1763 vos
562 1701 630 1765 sitis
644 1705 780 1784 qualiter
793 1711 837 1784 (3)
850 1708 904 1771 filii
916 1712 1078 1790 justorum

446 1809 479 1867 et
490 1807 654 1872 columbae
668 1810 825 1892 simplices
839 1815 880 1877 ad
894 1819 1057 1897 exemplar
1069 1836 1214 1901 morum,

445 1912 471 1974 si
486 1918 650 1979 consortes
664 1918 732 1981 lieri
744 1919 840 1983 vultis
855 1924 1063 2002 angelorum(
1086 1923 1105 2002 ).

445 2077 506 2136 Vos
519 2076 573 2155 qui
587 2077 683 2140 vultis
696 2082 813 2159 populo
827 2082 950 2146 Domini
964 2085 1131 2167 prodesse,

445 2179 541 2242 immo
554 2182 650 2246 vultis
662 2184 769 2262 potius
782 2189 900 2267 populo
911 2190 1062 2268 prodesse
1074 2193 1108 2267 (l.
1121 2194 1294 2276 pracesse),

445 2288 514 2365 ejus
528 2305 638 2351 curam
649 2307 744 2368 agere
759 2293 851 2355 decet
861 2294 1035 2378 indefesse,

444 2389 512 2470 pios
522 2440 530 2471 ,
542 2393 664 2477 largos,
679 2397 831 2478 humiles,
848 2399 978 2481 dignos,
989 2404 1095 2481 justos
1107 2421 1187 2467 esse.

443 2552 604 2615 Sacerdoti
617 2554 766 2618 convenit
778 2556 882 2635 legem
895 2573 1019 2620 sacram
1032 2560 1134 2644 scire,

442 2659 565 2738 plebem
578 2658 661 2741 vita,
676 2660 833 2744 moribus,
850 2663 953 2727 verbis
967 2666 1113 2748 erudire,

442 2782 483 2827 ne
495 2765 529 2841 (l.
542 2766 605 2847 ut),
621 2765 751 2828 tandem
764 2784 839 2830 cum
852 2769 974 2833 venerit
985 2769 1038 2834 illa
1051 2772 1118 2836 dies
1129 2774 1209 2857 irae,

440 2871 525 2951 piam
539 2889 650 2935 vocem
663 2872 785 2936 Domini
796 2875 955 2954 possimus
967 2878 1089 2941 audire.

441 3032 601 3097 Benedicti
615 3033 686 3116 filii,
701 3052 836 3125 regnum
847 3037 1021 3122 possidete,

440 3141 527 3221 quod
538 3140 629 3204 nobis
642 3145 788 3221 paratum
801 3145 930 3209 estsine
943 3150 1032 3209 metu
1045 3151 1150 3210 metae
1161 3176 1169 3230 3

438 3248 519 3311 sacri
533 3266 590 3313 vos
602 3249 797 3332 Presbyteri,
813 3252 916 3315 sancti
930 3271 987 3317 vos
1002 3257 1196 3337 Prophetae,

438 3354 596 3419 benedicti
610 3354 684 3436 filii,
698 3374 825 3420 mecum
839 3359 1039 3439 congaudete
1053 3360 1061 3421 l

328 3621 359 3677 (l)
374 3621 392 3664 ll
404 3620 453 3665 faut
463 3621 504 3666 lire
516 3632 569 3666 sans
579 3620 646 3668 doute
653 3621 843 3681 puolmoprusum
878 3624 976 3670 Waltber
994 3628 1016 3670 ni
1030 3627 1086 3671 dens
1099 3628 1180 3684 llopp3
1199 3629 1219 3673 le
1233 3629 1337 3685 rbptbme
1350 3633 1418 3690 exige

300 3696 331 3728 ou
342 3681 544 3740 psalmiprusum
558 3683 630 3727 David
643 3686 705 3742 parle
716 3686 842 3732 continuet·
878 3700 909 3732 un
928 3694 975 3734 mot
990 3688 1017 3734 de
1031 3690 1084 3735 trois
1102 3691 1211 3747 syllobes,
1234 3697 1257 3735 et
1278 3691 1300 3736 la
1315 3692 1379 3748 locon
1394 3695 1417 3740 la

301 3744 384 3790 lemene
394 3744 450 3788 dans
459 3754 495 3789 ses
504 3756 609 3802 psaumes
619 3747 648 3791 du
660 3750 728 3793 neunt
739 3750 778 3794 des
790 3751 843 3794 cbo-
877 3750 926 3807 plus
946 3750 1050 3806 probable
1072 3764 1129 3797 nous
1142 3752 1225 3798 semble
1243 3757 1290 3798 etro
1310 3754 1418 3811 qualiter

301 3816 337 3849 ses
346 3804 374 3850 de
383 3805 404 3849 la
417 3810 483 3851 terre.
877 3824 905 3856 ou
916 3810 1030 3868 quilibet,
1044 3825 1131 3859 comme
1142 3813 1198 3859 daus
1208 3815 1314 3860 Flauius:

294 3905 296 3907 ¹
327 3890 356 3946 (a)
370 3890 429 3935 Pour
439 3890 559 3937 radicari.
571 3893 636 3950 Ilpa
650 3893 706 3939 dans
720 3894 808 3940 Flauius
821 3908 827 3939 ι
942 3896 1005 3927 ”im
1013 3895 1054 3928 ’Μ’
1063 3896 1142 3936 ‘1¹¹fflb0‘
1150 3897 1301 3937 moriturorum.

368 3962 389 3994 ¹¹¹
398 3963 479 4006 ‘W’
489 3966 571 3998 ¹⁰⁰¹¹b¹¹¹
581 3971 599 3999 ‘³‘
608 3977 640 4008 ¹1³⁰
649 3967 737 4000 “dim
905 3976 935 4032 (l)
946 3976 982 4021 On
991 3975 1016 4020 lit
1024 3977 1111 4021 ensuite
1119 3978 1174 4023 dans
1186 3978 1275 4024 Flauius
1285 3992 1291 4023 ι

301 4017 332 4062 1⁴⁸
344 4020 434 4077 ”rophe
448 4020 496 4067 fluit
507 4035 547 4079 W
556 4022 686 4069 mmmm·
920 4057 967 4098 Vos,
977 4060 999 4090 ut
1007 4059 1035 4090 cit
1042 4059 1142 4102 Dominus,
1152 4061 1225 4094 lumbos
1234 4061 1336 4102 eoolngttls

1341 4086 1346 4104 l

327 4105 356 4160 (3)
370 4105 387 4150 ll
400 4118 414 4162 y
429 4120 441 4150 a
456 4108 477 4154 ll
492 4121 522 4154 un
538 4111 600 4166 signe
616 4111 775 4157 d'abreviation
788 4112 841 4157 dont
920 4102 1353 4191 ffiffifuffifflssussifffflffiffi.

301 4177 357 4210 nous
376 4164 468 4213 n'avons
489 4172 567 4215 trouve
585 4170 733 4228 l'explication
750 4173 772 4217 ni
785 4175 841 4218 dens
921 4192 941 4222 ur
952 4192 1055 4233 exemplum
1064 4194 1132 4233 populo
1142 4193 1209 4228 nonum
1219 4195 1326 4236 maenam.
