3162 5188
796 512 833 519 ..
849 484 886 535 pp
901 512 939 519 .-

356 603 392 659 Εἰ
405 618 486 679 aqua
497 602 667 681 sapientiae
676 604 822 666 salutaris
834 604 955 684 potavit
968 605 1071 681 illum,

632 718 669 778 Ut
684 719 830 795 paradysi
845 717 951 796 minim

629 828 719 882 totum
738 822 835 883 orbem
852 823 1016 885 coelestibus

624 929 769 1008 irriperet
788 930 979 1009 dopmatiins.

263 1095 265 1099 «
354 1058 392 1116 Et
402 1055 578 1118 firmabitur
589 1055 622 1116 in
635 1054 706 1137 iilo,
723 1061 755 1119 ct
768 1076 833 1120 non
846 1058 1008 1140 flectetur3
1024 1062 1056 1121 et
1069 1059 1241 1123 continebit
1255 1062 1358 1143 iilum,
1386 1067 1420 1125 ct

315 1176 379 1221 non
391 1161 616 1242 contundetur,

632 1270 669 1330 Ut
686 1287 754 1330 ome
771 1269 855 1347 Syon
865 1272 977 1349 positus

624 1380 801 1449 permaneat
816 1372 981 1434 oirtntilins.

356 1499 393 1556 Et
406 1495 557 1557 exaltavit
567 1495 656 1559 illum
669 1498 753 1576 apud
766 1497 926 1576 proximos
940 1515 1032 1579 suos,

631 1611 706 1673 Cnm
721 1631 812 1692 oeque
827 1614 930 1674 mnndi
940 1613 1043 1693 jndice

627 1718 730 1778 throno
743 1719 887 1778 sedentem
897 1720 1021 1797 plorice.

352 1852 387 1908 ln
401 1847 505 1909 medio
517 1847 673 1910 Ecclesiae
686 1846 809 1927 aperuit
821 1866 857 1910 os
871 1851 957 1929 ejuS‚

628 1960 667 2021 In
679 1981 746 2023 ooce
761 1963 950 2042 nannetem,

628 2068 669 2128 ad
686 2067 789 2127 dioine
808 2069 981 2146 praeconia.

354 2201 392 2259 Et
403 2196 542 2275 implevit
554 2196 642 2259 illum
652 2196 762 2275 spiritu
776 2197 947 2276 sapientiae
961 2200 994 2259 et
1004 2198 1199 2279 intellectus,

632 2312 669 2372 Ut
677 2330 757 2372 neore
765 2312 868 2372 colens
881 2313 1001 2392 oqnilae

629 2422 734 2494 spectet
746 2415 835 2476 solem
847 2414 992 2495 justitiae.

356 2546 393 2605 Et
406 2544 518 2605 stolam
525 2545 557 2622 (l.
573 2544 682 2622 stolati
692 2544 810 2622 gloriae
820 2544 924 2606 induit
936 2561 1027 2625 eum,

627 2658 710 2720 Inter
719 2659 897 2721 Sanctorum
907 2662 1030 2740 dpmina

631 2765 745 2824 coronis
758 2765 920 2826 rutilantia

630 2881 658 2932 et
671 2872 733 2931 lnce
749 2872 819 2932 solis
838 2872 977 2933 candida.

355 3000 584 3063 iocunditatem
598 3002 631 3062 et
642 2999 869 3061 exultationem
882 2999 1104 3064 thesaurisavit
1113 3018 1207 3084 super
1220 3023 1308 3087 enm,

627 3112 666 3173 In
682 3114 854 3192 enpelornm
871 3115 957 3175 cneio

623 3236 680 3296 per
697 3217 774 3296 sesto
791 3217 983 3278 immortalia.

356 3345 393 3405 Et
405 3342 531 3405 nomine
545 3346 673 3405 aeterno
685 3304 893 3406 haereditabit
904 3344 1009 3424 illum,

629 3456 721 3531 Qnem
739 3456 847 3516 dilenit
861 3474 936 3534 pree
956 3455 1084 3517 omnibns

628 3560 730 3619 uniens
748 3558 803 3618 Dei
816 3558 912 3637 filins,

355 3685 503 3748 Dominus
516 3689 597 3747 Deus
610 3688 727 3747 noster.

634 3799 661 3860 0
676 3798 852 3870 Jomnnnes
867 3797 1012 3877 theoloye,

635 3902 662 3964 0
679 3902 796 3964 Christo
810 3901 1010 3980 dilectissime,

632 4006 689 4067 teis
705 4006 795 4067 laetos
815 4004 962 4065 solemniis
996 4067 998 4070 Α

632 4113 703 4174 coeli
721 4111 860 4191 conjnnpe
872 4110 988 4190 qondiis
997 4111 1015 4168 Ι
