<?xml version="1.0" encoding="UTF-8"?>
<!DOCTYPE html PUBLIC "-//W3C//DTD XHTML 1.0 Transitional//EN"
    "http://www.w3.org/TR/xhtml1/DTD/xhtml1-transitional.dtd">
<html xmlns="http://www.w3.org/1999/xhtml" xml:lang="en" lang="en">
 <head>
  <title>
</title>
<meta http-equiv="Content-Type" content="text/html;charset=utf-8" />
  <meta name='ocr-system' content='tesseract 3.04.00' />
  <meta name='ocr-capabilities' content='ocr_page ocr_carea ocr_par ocr_line ocrx_word'/>
</head>
<body>
  <div class='ocr_page' id='page_1' title='image "./posiespopulaire04mrgoog_0353.png"; bbox 0 0 3112 5194; ppageno 0'>
   <div class='ocr_carea' id='block_1_1' title="bbox 567 500 726 555">
    <p class='ocr_par' dir='ltr' id='par_1_1' title="bbox 567 500 726 555">
     <span class='ocr_line' id='line_1_1' title="bbox 567 500 726 555; baseline -0.019 1"><span class='ocrx_word' id='word_1_1' title='bbox 567 526 606 538; x_wconf 90' lang='lat'><em>-</em></span> <span class='ocrx_word' id='word_1_2' title='bbox 619 500 726 555; x_wconf 84' lang='lat'><strong>333—</strong></span> 
     </span>
    </p>
   </div>
   <div class='ocr_carea' id='block_1_2' title="bbox 191 621 1112 2621">
    <p class='ocr_par' dir='ltr' id='par_1_2' title="bbox 194 621 1042 702">
     <span class='ocr_line' id='line_1_2' title="bbox 194 621 1042 702; baseline 0.002 -18"><span class='ocrx_word' id='word_1_3' title='bbox 194 622 239 684; x_wconf 80' lang='lat' dir='ltr'><strong>vit</strong></span> <span class='ocrx_word' id='word_1_4' title='bbox 251 622 417 700; x_wconf 88' lang='lat' dir='ltr'><strong>planctura</strong></span> <span class='ocrx_word' id='word_1_5' title='bbox 427 625 471 696; x_wconf 89' lang='lat' dir='ltr'><strong>(t)</strong></span> <span class='ocrx_word' id='word_1_6' title='bbox 483 622 586 701; x_wconf 88' lang='lat' dir='ltr'><strong>maio,</strong></span> <span class='ocrx_word' id='word_1_7' title='bbox 600 639 660 685; x_wconf 90' lang='lat' dir='ltr'><strong>nec</strong></span> <span class='ocrx_word' id='word_1_8' title='bbox 671 621 776 686; x_wconf 89' lang='lat' dir='ltr'><strong>vivere</strong></span> <span class='ocrx_word' id='word_1_9' title='bbox 788 623 857 702; x_wconf 89' lang='lat' dir='ltr'><strong>quit</strong></span> <span class='ocrx_word' id='word_1_10' title='bbox 870 624 937 686; x_wconf 89' lang='lat' dir='ltr'><strong>sine</strong></span> <span class='ocrx_word' id='word_1_11' title='bbox 948 626 1042 687; x_wconf 91' lang='lat' dir='ltr'><strong>maio.</strong></span> 
     </span>
    </p>

    <p class='ocr_par' dir='ltr' id='par_1_3' title="bbox 191 726 924 809">
     <span class='ocr_line' id='line_1_3' title="bbox 191 726 924 809; baseline -0.003 -17"><span class='ocrx_word' id='word_1_12' title='bbox 191 732 264 792; x_wconf 81' lang='lat' dir='ltr'><strong>lior</strong></span> <span class='ocrx_word' id='word_1_13' title='bbox 279 726 445 791; x_wconf 78' lang='lat' dir='ltr'><strong>accersivit</strong></span> <span class='ocrx_word' id='word_1_14' title='bbox 456 727 584 809; x_wconf 87' lang='lat' dir='ltr'><strong>iudam,</strong></span> <span class='ocrx_word' id='word_1_15' title='bbox 599 745 695 808; x_wconf 85' lang='lat' dir='ltr'><strong>quem</strong></span> <span class='ocrx_word' id='word_1_16' title='bbox 709 729 793 790; x_wconf 91' lang='lat' dir='ltr'><strong>tatus</strong></span> <span class='ocrx_word' id='word_1_17' title='bbox 806 728 905 792; x_wconf 86' lang='lat' dir='ltr'><strong>adivit</strong></span> <span class='ocrx_word' id='word_1_18' title='bbox 917 757 924 790; x_wconf 68' lang='grc' dir='ltr'><strong><em>ι</em></strong></span> 
     </span>
    </p>

    <p class='ocr_par' dir='ltr' id='par_1_4' title="bbox 194 833 1072 916">
     <span class='ocr_line' id='line_1_4' title="bbox 194 833 1072 916; baseline 0.006 -24"><span class='ocrx_word' id='word_1_19' title='bbox 194 858 210 894; x_wconf 77' lang='lat' dir='ltr'><strong>a</strong></span> <span class='ocrx_word' id='word_1_20' title='bbox 224 837 279 897; x_wconf 79' lang='lat' dir='ltr'><strong>list</strong></span> <span class='ocrx_word' id='word_1_21' title='bbox 291 850 390 914; x_wconf 90' lang='lat' dir='ltr'><strong>prope</strong></span> <span class='ocrx_word' id='word_1_22' title='bbox 405 850 463 896; x_wconf 94' lang='lat' dir='ltr'><strong>nos</strong></span> <span class='ocrx_word' id='word_1_23' title='bbox 478 834 608 915; x_wconf 91' lang='lat' dir='ltr'><strong>hortus,</strong></span> <span class='ocrx_word' id='word_1_24' title='bbox 623 852 687 913; x_wconf 91' lang='lat' dir='ltr'><strong>quo</strong></span> <span class='ocrx_word' id='word_1_25' title='bbox 701 835 824 896; x_wconf 88' lang='lat' dir='ltr'><strong>tructus</strong></span> <span class='ocrx_word' id='word_1_26' title='bbox 837 833 951 897; x_wconf 92' lang='lat' dir='ltr'><strong>nobilis</strong></span> <span class='ocrx_word' id='word_1_27' title='bbox 965 838 1072 916; x_wconf 66' lang='lat' dir='ltr'><strong>ortus,</strong></span> 
     </span>
    </p>

    <p class='ocr_par' dir='ltr' id='par_1_5' title="bbox 192 940 1024 1021">
     <span class='ocr_line' id='line_1_5' title="bbox 192 940 1024 1021; baseline -0.007 -16"><span class='ocrx_word' id='word_1_28' title='bbox 192 946 258 1005; x_wconf 92' lang='lat' dir='ltr'><strong>lioc</strong></span> <span class='ocrx_word' id='word_1_29' title='bbox 270 941 297 1004; x_wconf 91' lang='lat' dir='ltr'><strong>si</strong></span> <span class='ocrx_word' id='word_1_30' title='bbox 311 941 503 1021; x_wconf 82' lang='lat' dir='ltr'><strong>frustrabor,</strong></span> <span class='ocrx_word' id='word_1_31' title='bbox 518 942 608 1004; x_wconf 87' lang='lat' dir='ltr'><strong>labor</strong></span> <span class='ocrx_word' id='word_1_32' title='bbox 621 940 741 1020; x_wconf 83' lang='lat' dir='ltr'>ingruit</span> <span class='ocrx_word' id='word_1_33' title='bbox 754 945 787 1003; x_wconf 91' lang='lat' dir='ltr'><strong>et</strong></span> <span class='ocrx_word' id='word_1_34' title='bbox 799 959 877 1005; x_wconf 88' lang='lat' dir='ltr'><strong>nece</strong></span> <span class='ocrx_word' id='word_1_35' title='bbox 890 942 991 1004; x_wconf 86' lang='lat' dir='ltr'><strong>labor.</strong></span> <span class='ocrx_word' id='word_1_36' title='bbox 1007 962 1024 999; x_wconf 76' lang='lat' dir='ltr'><strong>s</strong></span> 
     </span>
    </p>

    <p class='ocr_par' dir='ltr' id='par_1_6' title="bbox 193 1049 856 1128">
     <span class='ocr_line' id='line_1_6' title="bbox 193 1049 856 1128; baseline 0 -17"><span class='ocrx_word' id='word_1_37' title='bbox 193 1053 277 1111; x_wconf 89' lang='lat' dir='ltr'><strong>inter</strong></span> <span class='ocrx_word' id='word_1_38' title='bbox 288 1053 413 1111; x_wconf 87' lang='lat' dir='ltr'><strong>terrena</strong></span> <span class='ocrx_word' id='word_1_39' title='bbox 427 1049 532 1128; x_wconf 88' lang='lat' dir='ltr'><strong>puisat</strong></span> <span class='ocrx_word' id='word_1_40' title='bbox 542 1049 741 1128; x_wconf 87' lang='lat' dir='ltr'><strong>phantastica</strong></span> <span class='ocrx_word' id='word_1_41' title='bbox 754 1066 856 1128; x_wconf 87' lang='lat' dir='ltr'><strong>poena</strong></span> 
     </span>
    </p>

    <p class='ocr_par' dir='ltr' id='par_1_7' title="bbox 193 1154 859 1235">
     <span class='ocr_line' id='line_1_7' title="bbox 193 1154 859 1235; baseline 0 -17"><span class='ocrx_word' id='word_1_42' title='bbox 193 1158 312 1218; x_wconf 78' lang='lat' dir='ltr'><strong>tientes</strong></span> <span class='ocrx_word' id='word_1_43' title='bbox 327 1158 470 1218; x_wconf 88' lang='lat' dir='ltr'><strong>terrenas</strong></span> <span class='ocrx_word' id='word_1_44' title='bbox 483 1154 647 1235; x_wconf 70' lang='lat' dir='ltr'><strong>capientes</strong></span> <span class='ocrx_word' id='word_1_45' title='bbox 656 1172 707 1218; x_wconf 91' lang='lat' dir='ltr'><strong>res</strong></span> <span class='ocrx_word' id='word_1_46' title='bbox 721 1155 859 1218; x_wconf 70' lang='lat' dir='ltr'><strong>alienasz</strong></span> 
     </span>
    </p>

    <p class='ocr_par' dir='ltr' id='par_1_8' title="bbox 195 1260 1040 1344">
     <span class='ocr_line' id='line_1_8' title="bbox 195 1260 1040 1344; baseline -0.001 -19"><span class='ocrx_word' id='word_1_47' title='bbox 195 1261 246 1326; x_wconf 82' lang='lat' dir='ltr'><strong>Sic</strong></span> <span class='ocrx_word' id='word_1_48' title='bbox 259 1262 373 1341; x_wconf 83' lang='lat' dir='ltr'><strong>tlagrat</strong></span> <span class='ocrx_word' id='word_1_49' title='bbox 385 1279 522 1341; x_wconf 81' lang='lat' dir='ltr'><strong>praeses.</strong></span> <span class='ocrx_word' id='word_1_50' title='bbox 539 1261 654 1343; x_wconf 81' lang='lat' dir='ltr'><strong>indas,</strong></span> <span class='ocrx_word' id='word_1_51' title='bbox 670 1260 775 1324; x_wconf 90' lang='lat' dir='ltr'><strong>minus</strong></span> <span class='ocrx_word' id='word_1_52' title='bbox 786 1262 827 1324; x_wconf 86' lang='lat' dir='ltr'><strong>ad</strong></span> <span class='ocrx_word' id='word_1_53' title='bbox 838 1264 921 1325; x_wconf 92' lang='lat' dir='ltr'><strong>mala</strong></span> <span class='ocrx_word' id='word_1_54' title='bbox 934 1263 1040 1344; x_wconf 81' lang='lat' dir='ltr'>deses,</span> 
     </span>
    </p>

    <p class='ocr_par' dir='ltr' id='par_1_9' title="bbox 196 1367 919 1449">
     <span class='ocr_line' id='line_1_9' title="bbox 196 1367 919 1449; baseline 0.003 -19"><span class='ocrx_word' id='word_1_55' title='bbox 196 1368 295 1432; x_wconf 91' lang='lat' dir='ltr'><strong>insilit</strong></span> <span class='ocrx_word' id='word_1_56' title='bbox 308 1368 444 1432; x_wconf 80' lang='lat' dir='ltr'><strong>arbustis</strong></span> <span class='ocrx_word' id='word_1_57' title='bbox 457 1386 523 1432; x_wconf 92' lang='lat' dir='ltr'><strong>non</strong></span> <span class='ocrx_word' id='word_1_58' title='bbox 536 1367 676 1433; x_wconf 86' lang='lat' dir='ltr'><strong>motibus</strong></span> <span class='ocrx_word' id='word_1_59' title='bbox 688 1368 792 1444; x_wconf 75' lang='lat' dir='ltr'><strong>itl)lico</strong></span> <span class='ocrx_word' id='word_1_60' title='bbox 803 1369 919 1449; x_wconf 75' lang='lat' dir='ltr'><strong>justis,</strong></span> 
     </span>
    </p>

    <p class='ocr_par' dir='ltr' id='par_1_10' title="bbox 197 1474 867 1557">
     <span class='ocr_line' id='line_1_10' title="bbox 197 1474 867 1557; baseline -0.004 -17"><span class='ocrx_word' id='word_1_61' title='bbox 197 1474 283 1540; x_wconf 85' lang='lat' dir='ltr'><strong>Servi</strong></span> <span class='ocrx_word' id='word_1_62' title='bbox 295 1478 415 1556; x_wconf 90' lang='lat' dir='ltr'><strong>peccati</strong></span> <span class='ocrx_word' id='word_1_63' title='bbox 428 1476 503 1557; x_wconf 87' lang='lat' dir='ltr'><strong>quia</strong></span> <span class='ocrx_word' id='word_1_64' title='bbox 515 1478 591 1539; x_wconf 93' lang='lat' dir='ltr'><strong>sunt</strong></span> <span class='ocrx_word' id='word_1_65' title='bbox 603 1493 735 1555; x_wconf 85' lang='lat' dir='ltr'><strong>peccare</strong></span> <span class='ocrx_word' id='word_1_66' title='bbox 747 1476 867 1557; x_wconf 90' lang='lat' dir='ltr'><strong>parati,</strong></span> 
     </span>
    </p>

    <p class='ocr_par' dir='ltr' id='par_1_11' title="bbox 196 1582 1062 1770">
     <span class='ocr_line' id='line_1_11' title="bbox 196 1582 995 1664; baseline -0.003 -19"><span class='ocrx_word' id='word_1_67' title='bbox 196 1584 434 1664; x_wconf 69' lang='lat' dir='ltr'><strong>incenduntque</strong></span> <span class='ocrx_word' id='word_1_68' title='bbox 447 1582 541 1646; x_wconf 90' lang='lat' dir='ltr'><strong>minis</strong></span> <span class='ocrx_word' id='word_1_69' title='bbox 555 1582 687 1646; x_wconf 85' lang='lat' dir='ltr'><strong>miseros</strong></span> <span class='ocrx_word' id='word_1_70' title='bbox 700 1582 854 1661; x_wconf 85' lang='lat' dir='ltr'><strong>furtisque</strong></span> <span class='ocrx_word' id='word_1_71' title='bbox 868 1582 995 1662; x_wconf 88' lang='lat' dir='ltr'><strong>rapinis.</strong></span> 
     </span>
     <span class='ocr_line' id='line_1_12' title="bbox 240 1689 1062 1770; baseline 0 -18"><span class='ocrx_word' id='word_1_72' title='bbox 240 1694 342 1753; x_wconf 88' lang='lat' dir='ltr'><strong>liente</strong></span> <span class='ocrx_word' id='word_1_73' title='bbox 352 1708 514 1770; x_wconf 85' lang='lat' dir='ltr'><strong>manuque</strong></span> <span class='ocrx_word' id='word_1_74' title='bbox 525 1691 608 1752; x_wconf 89' lang='lat' dir='ltr'><strong>maia</strong></span> <span class='ocrx_word' id='word_1_75' title='bbox 621 1689 769 1752; x_wconf 89' lang='lat' dir='ltr'><strong>convellit</strong></span> <span class='ocrx_word' id='word_1_76' title='bbox 782 1690 821 1752; x_wconf 93' lang='lat' dir='ltr'><strong>ab</strong></span> <span class='ocrx_word' id='word_1_77' title='bbox 836 1691 948 1753; x_wconf 88' lang='lat' dir='ltr'><strong>arbore</strong></span> <span class='ocrx_word' id='word_1_78' title='bbox 961 1693 1062 1770; x_wconf 71' lang='lat' dir='ltr'><strong>maia,</strong></span> 
     </span>
    </p>

    <p class='ocr_par' dir='ltr' id='par_1_12' title="bbox 200 1796 914 1877">
     <span class='ocr_line' id='line_1_13' title="bbox 200 1796 914 1877; baseline 0 -20"><span class='ocrx_word' id='word_1_79' title='bbox 200 1797 255 1859; x_wconf 92' lang='lat' dir='ltr'><strong>iilo</strong></span> <span class='ocrx_word' id='word_1_80' title='bbox 269 1799 433 1877; x_wconf 83' lang='lat' dir='ltr'><strong>carpente,</strong></span> <span class='ocrx_word' id='word_1_81' title='bbox 448 1796 577 1874; x_wconf 74' lang='lat' dir='ltr'><strong>liabeo,</strong></span> <span class='ocrx_word' id='word_1_82' title='bbox 593 1796 751 1858; x_wconf 89' lang='lat' dir='ltr'><strong>currendo</strong></span> <span class='ocrx_word' id='word_1_83' title='bbox 767 1799 914 1876; x_wconf 89' lang='lat' dir='ltr'><strong>repente,</strong></span> 
     </span>
    </p>

    <p class='ocr_par' dir='ltr' id='par_1_13' title="bbox 199 1901 925 1982">
     <span class='ocr_line' id='line_1_14' title="bbox 199 1901 925 1982; baseline -0.001 -18"><span class='ocrx_word' id='word_1_84' title='bbox 199 1904 333 1965; x_wconf 80' lang='lat' dir='ltr'><strong>Fructus</strong></span> <span class='ocrx_word' id='word_1_85' title='bbox 343 1919 512 1982; x_wconf 90' lang='lat' dir='ltr'><strong>pomorum</strong></span> <span class='ocrx_word' id='word_1_86' title='bbox 525 1902 593 1965; x_wconf 89' lang='lat' dir='ltr'><strong>volt</strong></span> <span class='ocrx_word' id='word_1_87' title='bbox 606 1901 771 1964; x_wconf 84' lang='lat' dir='ltr'><strong>defensare</strong></span> <span class='ocrx_word' id='word_1_88' title='bbox 784 1918 925 1964; x_wconf 91' lang='lat' dir='ltr'><strong>suorum.</strong></span> 
     </span>
    </p>

    <p class='ocr_par' dir='ltr' id='par_1_14' title="bbox 200 2006 1112 2088">
     <span class='ocr_line' id='line_1_15' title="bbox 200 2006 1112 2088; baseline -0.002 -17"><span class='ocrx_word' id='word_1_89' title='bbox 200 2012 288 2071; x_wconf 86' lang='lat' dir='ltr'><strong>Tunc</strong></span> <span class='ocrx_word' id='word_1_90' title='bbox 302 2009 511 2088; x_wconf 81' lang='lat' dir='ltr'><strong>altercantur,</strong></span> <span class='ocrx_word' id='word_1_91' title='bbox 525 2006 567 2069; x_wconf 91' lang='lat' dir='ltr'><strong>ibi</strong></span> <span class='ocrx_word' id='word_1_92' title='bbox 580 2006 659 2070; x_wconf 88' lang='lat' dir='ltr'><strong>vtria</strong></span> <span class='ocrx_word' id='word_1_93' title='bbox 670 2008 704 2083; x_wconf 92' lang='lat' dir='ltr'><strong>(i.</strong></span> <span class='ocrx_word' id='word_1_94' title='bbox 714 2006 832 2087; x_wconf 81' lang='lat' dir='ltr'><strong>jurgia)</strong></span> <span class='ocrx_word' id='word_1_95' title='bbox 844 2007 1112 2088; x_wconf 86' lang='lat' dir='ltr'><strong>multiplicantur,</strong></span> 
     </span>
    </p>

    <p class='ocr_par' dir='ltr' id='par_1_15' title="bbox 201 2113 1005 2195">
     <span class='ocr_line' id='line_1_16' title="bbox 201 2113 1005 2195; baseline -0.005 -15"><span class='ocrx_word' id='word_1_96' title='bbox 201 2119 240 2180; x_wconf 89' lang='lat' dir='ltr'><strong>Se</strong></span> <span class='ocrx_word' id='word_1_97' title='bbox 251 2115 344 2178; x_wconf 92' lang='lat' dir='ltr'><strong>nimis</strong></span> <span class='ocrx_word' id='word_1_98' title='bbox 355 2114 498 2195; x_wconf 88' lang='lat' dir='ltr'><strong>irritant,</strong></span> <span class='ocrx_word' id='word_1_99' title='bbox 515 2113 591 2176; x_wconf 93' lang='lat' dir='ltr'><strong>dum</strong></span> <span class='ocrx_word' id='word_1_100' title='bbox 602 2131 669 2177; x_wconf 91' lang='lat' dir='ltr'><strong>non</strong></span> <span class='ocrx_word' id='word_1_101' title='bbox 683 2114 876 2177; x_wconf 89' lang='lat' dir='ltr'><strong>contendere</strong></span> <span class='ocrx_word' id='word_1_102' title='bbox 888 2114 1005 2195; x_wconf 76' lang='lat' dir='ltr'><strong>vitant,</strong></span> 
     </span>
    </p>

    <p class='ocr_par' dir='ltr' id='par_1_16' title="bbox 201 2219 986 2301">
     <span class='ocr_line' id='line_1_17' title="bbox 201 2219 986 2301; baseline -0.001 -16"><span class='ocrx_word' id='word_1_103' title='bbox 201 2222 261 2286; x_wconf 89' lang='lat' dir='ltr'><strong>Sed</strong></span> <span class='ocrx_word' id='word_1_104' title='bbox 275 2221 399 2301; x_wconf 87' lang='lat' dir='ltr'><strong>rapiens</strong></span> <span class='ocrx_word' id='word_1_105' title='bbox 411 2219 547 2301; x_wconf 87' lang='lat' dir='ltr'><strong>lapidem</strong></span> <span class='ocrx_word' id='word_1_106' title='bbox 557 2222 654 2283; x_wconf 86' lang='lat' dir='ltr'><strong>iudas</strong></span> <span class='ocrx_word' id='word_1_107' title='bbox 667 2221 857 2283; x_wconf 86' lang='lat' dir='ltr'><strong>furibundus</strong></span> <span class='ocrx_word' id='word_1_108' title='bbox 870 2220 986 2284; x_wconf 88' lang='lat' dir='ltr'><strong>ibidem</strong></span> 
     </span>
    </p>

    <p class='ocr_par' dir='ltr' id='par_1_17' title="bbox 202 2326 929 2409">
     <span class='ocr_line' id='line_1_18' title="bbox 202 2326 929 2409; baseline -0.006 -18"><span class='ocrx_word' id='word_1_109' title='bbox 202 2334 237 2391; x_wconf 94' lang='lat' dir='ltr'><strong>in</strong></span> <span class='ocrx_word' id='word_1_110' title='bbox 249 2330 360 2391; x_wconf 77' lang='lat' dir='ltr'><strong>ituben</strong></span> <span class='ocrx_word' id='word_1_111' title='bbox 374 2327 477 2408; x_wconf 89' lang='lat' dir='ltr'><strong>misit,</strong></span> <span class='ocrx_word' id='word_1_112' title='bbox 492 2345 528 2391; x_wconf 91' lang='lat' dir='ltr'><strong>os</strong></span> <span class='ocrx_word' id='word_1_113' title='bbox 540 2345 614 2390; x_wconf 89' lang='lat' dir='ltr'><strong>cum</strong></span> <span class='ocrx_word' id='word_1_114' title='bbox 627 2327 749 2390; x_wconf 89' lang='lat' dir='ltr'><strong>cervice</strong></span> <span class='ocrx_word' id='word_1_115' title='bbox 761 2326 860 2388; x_wconf 89' lang='lat' dir='ltr'><strong>relisit</strong></span> <span class='ocrx_word' id='word_1_116' title='bbox 869 2327 929 2409; x_wconf 70' lang='lat'><strong>(2),</strong></span> 
     </span>
    </p>

    <p class='ocr_par' dir='ltr' id='par_1_18' title="bbox 203 2432 980 2515">
     <span class='ocr_line' id='line_1_19' title="bbox 203 2432 980 2515; baseline -0.005 -18"><span class='ocrx_word' id='word_1_117' title='bbox 203 2439 316 2497; x_wconf 81' lang='lat' dir='ltr'><strong>lemae</strong></span> <span class='ocrx_word' id='word_1_118' title='bbox 329 2437 506 2515; x_wconf 88' lang='lat' dir='ltr'><strong>prostratus</strong></span> <span class='ocrx_word' id='word_1_119' title='bbox 518 2433 573 2514; x_wconf 84' lang='lat' dir='ltr'><strong>qui</strong></span> <span class='ocrx_word' id='word_1_120' title='bbox 590 2436 662 2513; x_wconf 87' lang='lat' dir='ltr'><strong>post</strong></span> <span class='ocrx_word' id='word_1_121' title='bbox 670 2435 756 2513; x_wconf 86' lang='lat' dir='ltr'><strong>jacet</strong></span> <span class='ocrx_word' id='word_1_122' title='bbox 769 2432 980 2495; x_wconf 84' lang='lat' dir='ltr'><strong>examinatus.</strong></span> 
     </span>
    </p>

    <p class='ocr_par' dir='ltr' id='par_1_19' title="bbox 201 2538 1005 2621">
     <span class='ocr_line' id='line_1_20' title="bbox 201 2538 1005 2621; baseline -0.009 -15"><span class='ocrx_word' id='word_1_123' title='bbox 201 2545 305 2606; x_wconf 81' lang='lat' dir='ltr'><strong>biente</strong></span> <span class='ocrx_word' id='word_1_124' title='bbox 318 2541 424 2606; x_wconf 91' lang='lat' dir='ltr'><strong>minus</strong></span> <span class='ocrx_word' id='word_1_125' title='bbox 435 2540 561 2621; x_wconf 85' lang='lat' dir='ltr'><strong>placida</strong></span> <span class='ocrx_word' id='word_1_126' title='bbox 571 2539 617 2603; x_wconf 92' lang='lat' dir='ltr'><strong>sic</strong></span> <span class='ocrx_word' id='word_1_127' title='bbox 629 2540 727 2603; x_wconf 82' lang='lat' dir='ltr'><strong>iudas</strong></span> <span class='ocrx_word' id='word_1_128' title='bbox 740 2539 777 2602; x_wconf 87' lang='lat' dir='ltr'><strong>tit</strong></span> <span class='ocrx_word' id='word_1_129' title='bbox 790 2538 943 2620; x_wconf 87' lang='lat' dir='ltr'><strong>patricida</strong></span> <span class='ocrx_word' id='word_1_130' title='bbox 952 2543 1005 2618; x_wconf 82' lang='lat'><strong>(3).</strong></span> 
     </span>
    </p>
   </div>
   <div class='ocr_carea' id='block_1_3' title="bbox 108 2777 1148 2836">
    <p class='ocr_par' dir='ltr' id='par_1_20' title="bbox 108 2777 1148 2836">
     <span class='ocr_line' id='line_1_21' title="bbox 108 2777 1148 2836; baseline -0.008 -8"><span class='ocrx_word' id='word_1_131' title='bbox 108 2784 163 2831; x_wconf 82' lang='lat' dir='ltr'><strong>taire</strong></span> <span class='ocrx_word' id='word_1_132' title='bbox 177 2792 221 2826; x_wconf 86' lang='lat' dir='ltr'><strong>une</strong></span> <span class='ocrx_word' id='word_1_133' title='bbox 231 2786 291 2826; x_wconf 86' lang='lat' dir='ltr'><strong>sorta</strong></span> <span class='ocrx_word' id='word_1_134' title='bbox 306 2781 333 2826; x_wconf 89' lang='lat' dir='ltr'><strong>de</strong></span> <span class='ocrx_word' id='word_1_135' title='bbox 348 2780 445 2836; x_wconf 88' lang='lat' dir='ltr'><strong>pendant</strong></span> <span class='ocrx_word' id='word_1_136' title='bbox 458 2790 488 2824; x_wconf 91' lang='lat' dir='ltr'><strong>au</strong></span> <span class='ocrx_word' id='word_1_137' title='bbox 499 2780 539 2834; x_wconf 80' lang='lat' dir='ltr'><strong>jen</strong></span> <span class='ocrx_word' id='word_1_138' title='bbox 549 2777 577 2822; x_wconf 89' lang='lat' dir='ltr'><strong>de</strong></span> <span class='ocrx_word' id='word_1_139' title='bbox 588 2784 646 2823; x_wconf 69' lang='lat' dir='ltr'><strong>mou</strong></span> <span class='ocrx_word' id='word_1_140' title='bbox 703 2782 812 2822; x_wconf 70' lang='lat' dir='ltr'><strong>conjiciunt</strong></span> <span class='ocrx_word' id='word_1_141' title='bbox 822 2781 856 2814; x_wconf 79' lang='lat'><strong>⁸¹¹¹</strong></span> <span class='ocrx_word' id='word_1_142' title='bbox 865 2781 952 2823; x_wconf 70' lang='lat' dir='ltr'><strong>fractior,</strong></span> <span class='ocrx_word' id='word_1_143' title='bbox 965 2781 1022 2822; x_wconf 74' lang='lat' dir='ltr'><strong>inrue</strong></span> <span class='ocrx_word' id='word_1_144' title='bbox 1031 2790 1062 2815; x_wconf 81' lang='lat' dir='ltr'><strong>or·</strong></span> <span class='ocrx_word' id='word_1_145' title='bbox 1072 2781 1148 2814; x_wconf 64' lang='lat' dir='ltr'><strong>abdia·</strong></span> 
     </span>
    </p>
   </div>
   <div class='ocr_carea' id='block_1_4' title="bbox 107 2844 646 2976">
    <p class='ocr_par' dir='ltr' id='par_1_21' title="bbox 107 2844 646 2976">
     <span class='ocr_line' id='line_1_22' title="bbox 107 2844 312 2888; baseline -0.005 -1"><span class='ocrx_word' id='word_1_146' title='bbox 107 2845 136 2888; x_wconf 87' lang='lat' dir='ltr'><strong>dis</strong></span> <span class='ocrx_word' id='word_1_147' title='bbox 151 2855 203 2888; x_wconf 83' lang='lat' dir='ltr'><strong>vcra</strong></span> <span class='ocrx_word' id='word_1_148' title='bbox 215 2844 312 2888; x_wconf 84' lang='lat' dir='ltr'><strong>suivant.</strong></span> 
     </span>
     <span class='ocr_line' id='line_1_23' title="bbox 134 2913 646 2976; baseline -0.018 -10"><span class='ocrx_word' id='word_1_149' title='bbox 134 2922 165 2976; x_wconf 85' lang='lat' dir='ltr'><strong>(i)</strong></span> <span class='ocrx_word' id='word_1_150' title='bbox 178 2920 209 2966; x_wconf 85' lang='lat' dir='ltr'><strong>Ge</strong></span> <span class='ocrx_word' id='word_1_151' title='bbox 222 2925 269 2964; x_wconf 88' lang='lat' dir='ltr'><strong>mot</strong></span> <span class='ocrx_word' id='word_1_152' title='bbox 280 2930 377 2974; x_wconf 82' lang='lat' dir='ltr'><strong>maraque</strong></span> <span class='ocrx_word' id='word_1_153' title='bbox 388 2918 443 2961; x_wconf 88' lang='lat' dir='ltr'><strong>dans</strong></span> <span class='ocrx_word' id='word_1_154' title='bbox 456 2916 477 2959; x_wconf 89' lang='lat' dir='ltr'><strong>ia</strong></span> <span class='ocrx_word' id='word_1_155' title='bbox 490 2913 590 2959; x_wconf 83' lang='lat' dir='ltr'><strong>nouvelle</strong></span> <span class='ocrx_word' id='word_1_156' title='bbox 599 2913 646 2959; x_wconf 82' lang='lat' dir='ltr'><strong>tdi-</strong></span> 
     </span>
    </p>
   </div>
   <div class='ocr_carea' id='block_1_5' title="bbox 726 2826 1193 2949">
    <p class='ocr_par' dir='ltr' id='par_1_22' title="bbox 726 2826 1193 2949">
     <span class='ocr_line' id='line_1_24' title="bbox 726 2826 1133 2867; baseline 0.002 -9"><span class='ocrx_word' id='word_1_157' title='bbox 726 2828 816 2867; x_wconf 73' lang='lat' dir='ltr'><strong>irangunt</strong></span> <span class='ocrx_word' id='word_1_158' title='bbox 826 2837 831 2858; x_wconf 74' lang='lat' dir='ltr'><strong>s</strong></span> <span class='ocrx_word' id='word_1_159' title='bbox 843 2826 898 2858; x_wconf 78' lang='lat' dir='ltr'><strong>relisa</strong></span> <span class='ocrx_word' id='word_1_160' title='bbox 906 2827 967 2858; x_wconf 79' lang='lat' dir='ltr'><strong>fronte</strong></span> <span class='ocrx_word' id='word_1_161' title='bbox 976 2827 1048 2867; x_wconf 79' lang='lat' dir='ltr'><strong>lignum</strong></span> <span class='ocrx_word' id='word_1_162' title='bbox 1057 2827 1133 2859; x_wconf 75' lang='lat' dir='ltr'><strong>dissilit.</strong></span> 
     </span>
     <span class='ocr_line' id='line_1_25' title="bbox 785 2889 1193 2949; baseline 0.002 -15"><span class='ocrx_word' id='word_1_163' title='bbox 785 2889 841 2949; x_wconf 84' lang='grc' dir='ltr'>Περι</span> <span class='ocrx_word' id='word_1_164' title='bbox 853 2901 971 2949; x_wconf 75' lang='lat' dir='ltr'><strong>orepavor,</strong></span> <span class='ocrx_word' id='word_1_165' title='bbox 984 2892 1067 2937; x_wconf 70' lang='lat' dir='ltr'><strong>Potesne</strong></span> <span class='ocrx_word' id='word_1_166' title='bbox 1077 2904 1114 2947; x_wconf 80' lang='lat' dir='ltr'><strong>rx,</strong></span> <span class='ocrx_word' id='word_1_167' title='bbox 1126 2904 1149 2936; x_wconf 84' lang='lat' dir='ltr'><strong>v.</strong></span> <span class='ocrx_word' id='word_1_168' title='bbox 1160 2897 1193 2936; x_wconf 78' lang='lat' dir='ltr'><strong>tt.</strong></span> 
     </span>
    </p>
   </div>
   <div class='ocr_carea' id='block_1_6' title="bbox 107 2977 1222 3107">
    <p class='ocr_par' dir='ltr' id='par_1_23' title="bbox 107 2977 1222 3107">
     <span class='ocr_line' id='line_1_26' title="bbox 108 2977 1222 3044; baseline -0.007 -5"><span class='ocrx_word' id='word_1_169' title='bbox 108 2984 154 3026; x_wconf 60' lang='lat'><strong>“0¹¹</strong></span> <span class='ocrx_word' id='word_1_170' title='bbox 163 2983 191 3027; x_wconf 76' lang='lat'><strong>‘¹⁰</strong></span> <span class='ocrx_word' id='word_1_171' title='bbox 198 2981 319 3037; x_wconf 61' lang='lat' dir='ltr'><strong>duciflsset</strong></span> <span class='ocrx_word' id='word_1_172' title='bbox 329 2981 347 3024; x_wconf 59' lang='lat'><strong>⁸5</strong></span> <span class='ocrx_word' id='word_1_173' title='bbox 354 2981 375 3025; x_wconf 74' lang='lat'><strong>¹⁰</strong></span> <span class='ocrx_word' id='word_1_174' title='bbox 385 2991 398 3024; x_wconf 76' lang='lat'><em>0</em></span> <span class='ocrx_word' id='word_1_175' title='bbox 408 2979 447 3035; x_wconf 74' lang='grc' dir='ltr'><strong>(1ιιι</strong></span> <span class='ocrx_word' id='word_1_176' title='bbox 458 2990 487 3023; x_wconf 69' lang='lat'><strong>²¹¹</strong></span> <span class='ocrx_word' id='word_1_177' title='bbox 495 2977 536 3022; x_wconf 62' lang='lat'><strong>‘⁸5²</strong></span> <span class='ocrx_word' id='word_1_178' title='bbox 546 2988 647 3033; x_wconf 63' lang='lat' dir='ltr'><strong>unitim·</strong></span> <span class='ocrx_word' id='word_1_179' title='bbox 709 2989 738 3043; x_wconf 77' lang='lat'><strong>(3)</strong></span> <span class='ocrx_word' id='word_1_180' title='bbox 754 2988 784 3032; x_wconf 85' lang='lat' dir='ltr'><strong>La</strong></span> <span class='ocrx_word' id='word_1_181' title='bbox 796 2989 885 3034; x_wconf 86' lang='lat' dir='ltr'><strong>version</strong></span> <span class='ocrx_word' id='word_1_182' title='bbox 897 2988 927 3032; x_wconf 87' lang='lat' dir='ltr'><strong>da</strong></span> <span class='ocrx_word' id='word_1_183' title='bbox 941 2987 1040 3044; x_wconf 76' lang='lat' dir='ltr'><strong>iiyatdre</strong></span> <span class='ocrx_word' id='word_1_184' title='bbox 1053 2986 1081 3031; x_wconf 85' lang='lat' dir='ltr'><strong>de</strong></span> <span class='ocrx_word' id='word_1_185' title='bbox 1089 2984 1114 3031; x_wconf 77' lang='lat' dir='ltr'><strong>lo</strong></span> <span class='ocrx_word' id='word_1_186' title='bbox 1123 2986 1222 3032; x_wconf 78' lang='lat' dir='ltr'><strong>Pession</strong></span> 
     </span>
     <span class='ocr_line' id='line_1_27' title="bbox 107 3041 1084 3107; baseline -0.013 -17"><span class='ocrx_word' id='word_1_187' title='bbox 107 3045 209 3102; x_wconf 73' lang='lat' dir='ltr'><strong>nymede</strong></span> <span class='ocrx_word' id='word_1_188' title='bbox 217 3042 391 3088; x_wconf 76' lang='lat' dir='ltr'><strong>Pisssrtsssttait</strong></span> <span class='ocrx_word' id='word_1_189' title='bbox 400 3053 444 3085; x_wconf 89' lang='lat' dir='ltr'><strong>une</strong></span> <span class='ocrx_word' id='word_1_190' title='bbox 453 3041 547 3085; x_wconf 89' lang='lat' dir='ltr'><strong>iautcde</strong></span> <span class='ocrx_word' id='word_1_191' title='bbox 555 3041 648 3096; x_wconf 83' lang='lat' dir='ltr'><strong>capiate,</strong></span> <span class='ocrx_word' id='word_1_192' title='bbox 684 3050 737 3095; x_wconf 59' lang='lat' dir='ltr'><strong>send</strong></span> <span class='ocrx_word' id='word_1_193' title='bbox 751 3049 821 3094; x_wconf 60' lang='lat' dir='ltr'><strong>sudas</strong></span> <span class='ocrx_word' id='word_1_194' title='bbox 832 3050 882 3096; x_wconf 57' lang='lat' dir='ltr'><strong>bie„</strong></span> <span class='ocrx_word' id='word_1_195' title='bbox 897 3051 946 3107; x_wconf 61' lang='lat' dir='ltr'><strong>plu,</strong></span> <span class='ocrx_word' id='word_1_196' title='bbox 958 3049 1084 3106; x_wconf 56' lang='lat' dir='ltr'><strong>compr„</strong></span> 
     </span>
    </p>
   </div>
   <div class='ocr_carea' id='block_1_7' title="bbox 108 3102 649 3275">
    <p class='ocr_par' dir='ltr' id='par_1_24' title="bbox 108 3102 649 3275">
     <span class='ocr_line' id='line_1_28' title="bbox 108 3102 649 3160; baseline -0.006 -11"><span class='ocrx_word' id='word_1_197' title='bbox 108 3107 122 3150; x_wconf 90' lang='lat' dir='ltr'><strong>ii</strong></span> <span class='ocrx_word' id='word_1_198' title='bbox 132 3108 208 3151; x_wconf 89' lang='lat' dir='ltr'><strong>aurait</strong></span> <span class='ocrx_word' id='word_1_199' title='bbox 216 3107 238 3151; x_wconf 90' lang='lat' dir='ltr'><strong>ta</strong></span> <span class='ocrx_word' id='word_1_200' title='bbox 250 3109 321 3150; x_wconf 76' lang='lat' dir='ltr'><strong>meme</strong></span> <span class='ocrx_word' id='word_1_201' title='bbox 328 3106 405 3150; x_wconf 88' lang='lat' dir='ltr'><strong>raeine</strong></span> <span class='ocrx_word' id='word_1_202' title='bbox 414 3115 459 3160; x_wconf 85' lang='lat' dir='ltr'><strong>que</strong></span> <span class='ocrx_word' id='word_1_203' title='bbox 470 3103 492 3148; x_wconf 87' lang='lat' dir='ltr'><strong>ie</strong></span> <span class='ocrx_word' id='word_1_204' title='bbox 503 3102 649 3147; x_wconf 81' lang='lat' dir='ltr'><strong>vicar-iran-</strong></span> 
     </span>
     <span class='ocr_line' id='line_1_29' title="bbox 109 3163 648 3224; baseline -0.007 -12"><span class='ocrx_word' id='word_1_205' title='bbox 109 3169 157 3224; x_wconf 73' lang='lat' dir='ltr'><strong>eais</strong></span> <span class='ocrx_word' id='word_1_206' title='bbox 168 3167 252 3212; x_wconf 71' lang='lat' dir='ltr'><strong>Plauti</strong></span> <span class='ocrx_word' id='word_1_207' title='bbox 266 3174 289 3212; x_wconf 87' lang='lat' dir='ltr'><strong>et</strong></span> <span class='ocrx_word' id='word_1_208' title='bbox 306 3165 412 3222; x_wconf 79' lang='lat' dir='ltr'><strong>i&#39;adjectii</strong></span> <span class='ocrx_word' id='word_1_209' title='bbox 427 3163 601 3209; x_wconf 74' lang='lat' dir='ltr'><strong>Ptoetureux:</strong></span> <span class='ocrx_word' id='word_1_210' title='bbox 618 3164 648 3208; x_wconf 84' lang='lat' dir='ltr'><strong>Le</strong></span> 
     </span>
     <span class='ocr_line' id='line_1_30' title="bbox 109 3229 408 3275; baseline -0.003 -2"><span class='ocrx_word' id='word_1_211' title='bbox 109 3230 156 3275; x_wconf 85' lang='lat' dir='ltr'><strong>mal</strong></span> <span class='ocrx_word' id='word_1_212' title='bbox 168 3230 257 3275; x_wconf 83' lang='lat' dir='ltr'><strong>devient</strong></span> <span class='ocrx_word' id='word_1_213' title='bbox 271 3240 300 3273; x_wconf 90' lang='lat' dir='ltr'><strong>au</strong></span> <span class='ocrx_word' id='word_1_214' title='bbox 315 3229 408 3273; x_wconf 89' lang='lat' dir='ltr'><strong>cembie.</strong></span> 
     </span>
    </p>
   </div>
   <div class='ocr_carea' id='block_1_8' title="bbox 109 3304 651 3607">
    <p class='ocr_par' dir='ltr' id='par_1_25' title="bbox 109 3304 651 3548">
     <span class='ocr_line' id='line_1_31' title="bbox 136 3304 650 3362; baseline -0.004 -13"><span class='ocrx_word' id='word_1_215' title='bbox 136 3307 166 3362; x_wconf 67' lang='grc'><strong>(9)</strong></span> <span class='ocrx_word' id='word_1_216' title='bbox 180 3305 211 3350; x_wconf 85' lang='lat' dir='ltr'><strong>Ca</strong></span> <span class='ocrx_word' id='word_1_217' title='bbox 225 3305 305 3360; x_wconf 83' lang='lat' dir='ltr'><strong>verbe,</strong></span> <span class='ocrx_word' id='word_1_218' title='bbox 319 3305 372 3349; x_wconf 90' lang='lat' dir='ltr'><strong>dont</strong></span> <span class='ocrx_word' id='word_1_219' title='bbox 386 3316 443 3349; x_wconf 87' lang='lat' dir='ltr'><strong>nous</strong></span> <span class='ocrx_word' id='word_1_220' title='bbox 461 3316 489 3349; x_wconf 87' lang='lat' dir='ltr'><strong>ne</strong></span> <span class='ocrx_word' id='word_1_221' title='bbox 506 3304 650 3348; x_wconf 83' lang='lat' dir='ltr'><strong>connaissons</strong></span> 
     </span>
     <span class='ocr_line' id='line_1_32' title="bbox 110 3365 651 3425; baseline -0.009 -12"><span class='ocrx_word' id='word_1_222' title='bbox 110 3380 152 3425; x_wconf 82' lang='lat' dir='ltr'><strong>pas</strong></span> <span class='ocrx_word' id='word_1_223' title='bbox 164 3367 286 3424; x_wconf 82' lang='lat' dir='ltr'><strong>d’erempie</strong></span> <span class='ocrx_word' id='word_1_224' title='bbox 297 3367 353 3413; x_wconf 85' lang='lat' dir='ltr'><strong>dans</strong></span> <span class='ocrx_word' id='word_1_225' title='bbox 364 3367 385 3411; x_wconf 89' lang='lat' dir='ltr'><strong>ia</strong></span> <span class='ocrx_word' id='word_1_226' title='bbox 399 3367 472 3410; x_wconf 88' lang='lat' dir='ltr'><strong>bonne</strong></span> <span class='ocrx_word' id='word_1_227' title='bbox 485 3366 582 3418; x_wconf 83' lang='lat' dir='ltr'><strong>latinite,</strong></span> <span class='ocrx_word' id='word_1_228' title='bbox 596 3365 651 3409; x_wconf 82' lang='lat' dir='ltr'><strong>etait</strong></span> 
     </span>
     <span class='ocr_line' id='line_1_33' title="bbox 111 3426 651 3486; baseline -0.011 -11"><span class='ocrx_word' id='word_1_229' title='bbox 111 3429 212 3486; x_wconf 76' lang='lat' dir='ltr'><strong>employa</strong></span> <span class='ocrx_word' id='word_1_230' title='bbox 220 3440 262 3485; x_wconf 86' lang='lat' dir='ltr'><strong>par</strong></span> <span class='ocrx_word' id='word_1_231' title='bbox 273 3430 364 3474; x_wconf 80' lang='lat' dir='ltr'><strong>Ausone</strong></span> <span class='ocrx_word' id='word_1_232' title='bbox 373 3428 429 3473; x_wconf 83' lang='lat' dir='ltr'><strong>dans</strong></span> <span class='ocrx_word' id='word_1_233' title='bbox 438 3428 458 3472; x_wconf 87' lang='lat' dir='ltr'><strong>ie</strong></span> <span class='ocrx_word' id='word_1_234' title='bbox 468 3438 519 3472; x_wconf 86' lang='lat' dir='ltr'><strong>aens</strong></span> <span class='ocrx_word' id='word_1_235' title='bbox 528 3426 555 3471; x_wconf 87' lang='lat' dir='ltr'><strong>de</strong></span> <span class='ocrx_word' id='word_1_236' title='bbox 566 3426 651 3483; x_wconf 74' lang='lat' dir='ltr'><strong>desup-</strong></span> 
     </span>
     <span class='ocr_line' id='line_1_34' title="bbox 109 3491 340 3548; baseline -0.013 -12"><span class='ocrx_word' id='word_1_237' title='bbox 109 3502 224 3548; x_wconf 64' lang='lat' dir='ltr'><strong>prostem</strong></span> <span class='ocrx_word' id='word_1_238' title='bbox 235 3491 340 3546; x_wconf 78' lang='lat' dir='ltr'><strong>rejstsr:</strong></span> 
     </span>
    </p>

    <p class='ocr_par' dir='ltr' id='par_1_26' title="bbox 134 3560 598 3607">
     <span class='ocr_line' id='line_1_35' title="bbox 134 3560 598 3607; baseline -0.015 -9"><span class='ocrx_word' id='word_1_239' title='bbox 134 3566 186 3607; x_wconf 77' lang='lat' dir='ltr'><strong>Quae</strong></span> <span class='ocrx_word' id='word_1_240' title='bbox 194 3565 267 3597; x_wconf 76' lang='lat' dir='ltr'><strong>firmata</strong></span> <span class='ocrx_word' id='word_1_241' title='bbox 276 3564 355 3606; x_wconf 83' lang='lat' dir='ltr'><strong>probant</strong></span> <span class='ocrx_word' id='word_1_242' title='bbox 363 3566 396 3596; x_wconf 84' lang='lat' dir='ltr'><strong>aut</strong></span> <span class='ocrx_word' id='word_1_243' title='bbox 405 3563 499 3595; x_wconf 72' lang='lat' dir='ltr'><strong>inamata</strong></span> <span class='ocrx_word' id='word_1_244' title='bbox 510 3560 598 3594; x_wconf 76' lang='lat' dir='ltr'><strong>rendunt.</strong></span> 
     </span>
    </p>
   </div>
   <div class='ocr_carea' id='block_1_9' title="bbox 360 3610 586 3678">
    <p class='ocr_par' dir='ltr' id='par_1_27' title="bbox 360 3610 586 3678">
     <span class='ocr_line' id='line_1_36' title="bbox 360 3610 586 3678; baseline -0.027 -11"><span class='ocrx_word' id='word_1_245' title='bbox 360 3610 438 3678; x_wconf 76' lang='lat' dir='ltr'><strong>iipitre</strong></span> <span class='ocrx_word' id='word_1_246' title='bbox 449 3633 507 3674; x_wconf 78' lang='lat' dir='ltr'><strong>xxv,</strong></span> <span class='ocrx_word' id='word_1_247' title='bbox 520 3632 542 3663; x_wconf 90' lang='lat' dir='ltr'><strong>v.</strong></span> <span class='ocrx_word' id='word_1_248' title='bbox 552 3622 586 3662; x_wconf 69' lang='lat'><strong>42.</strong></span> 
     </span>
    </p>
   </div>
   <div class='ocr_carea' id='block_1_10' title="bbox 112 3693 654 4240">
    <p class='ocr_par' dir='ltr' id='par_1_28' title="bbox 112 3693 654 4240">
     <span class='ocr_line' id='line_1_37' title="bbox 113 3693 652 3754; baseline -0.02 -7"><span class='ocrx_word' id='word_1_249' title='bbox 113 3701 250 3747; x_wconf 84' lang='lat' dir='ltr'><strong>Fortunatus</strong></span> <span class='ocrx_word' id='word_1_250' title='bbox 269 3698 300 3744; x_wconf 89' lang='lat' dir='ltr'><strong>ioi</strong></span> <span class='ocrx_word' id='word_1_251' title='bbox 320 3699 412 3744; x_wconf 89' lang='lat' dir='ltr'><strong>dounait</strong></span> <span class='ocrx_word' id='word_1_252' title='bbox 431 3699 452 3743; x_wconf 86' lang='lat' dir='ltr'><strong>la</strong></span> <span class='ocrx_word' id='word_1_253' title='bbox 466 3695 611 3754; x_wconf 73' lang='lat' dir='ltr'><strong>signification</strong></span> <span class='ocrx_word' id='word_1_254' title='bbox 624 3693 652 3737; x_wconf 89' lang='lat' dir='ltr'><strong>da</strong></span> 
     </span>
     <span class='ocr_line' id='line_1_38' title="bbox 112 3758 653 3818; baseline -0.015 -12"><span class='ocrx_word' id='word_1_255' title='bbox 112 3773 246 3818; x_wconf 79' lang='lat' dir='ltr'><strong>repousssr,</strong></span> <span class='ocrx_word' id='word_1_256' title='bbox 259 3772 377 3818; x_wconf 69' lang='lat' dir='ltr'><strong>reacouer</strong></span> <span class='ocrx_word' id='word_1_257' title='bbox 390 3758 412 3805; x_wconf 83' lang='lat' dir='ltr'><strong>le</strong></span> <span class='ocrx_word' id='word_1_258' title='bbox 425 3772 479 3813; x_wconf 81' lang='lat' dir='ltr'><strong>sors,</strong></span> <span class='ocrx_word' id='word_1_259' title='bbox 493 3759 549 3803; x_wconf 85' lang='lat' dir='ltr'><strong>dans</strong></span> <span class='ocrx_word' id='word_1_260' title='bbox 560 3768 587 3801; x_wconf 91' lang='lat' dir='ltr'><strong>ce</strong></span> <span class='ocrx_word' id='word_1_261' title='bbox 600 3766 653 3811; x_wconf 90' lang='lat' dir='ltr'><strong>pas·</strong></span> 
     </span>
     <span class='ocr_line' id='line_1_39' title="bbox 114 3818 653 3878; baseline -0.015 -10"><span class='ocrx_word' id='word_1_262' title='bbox 114 3836 167 3878; x_wconf 79' lang='lat' dir='ltr'><strong>sege</strong></span> <span class='ocrx_word' id='word_1_263' title='bbox 181 3824 200 3868; x_wconf 88' lang='lat' dir='ltr'><strong>sl</strong></span> <span class='ocrx_word' id='word_1_264' title='bbox 218 3829 313 3868; x_wconf 87' lang='lat' dir='ltr'><strong>souvcnt</strong></span> <span class='ocrx_word' id='word_1_265' title='bbox 327 3824 371 3867; x_wconf 81' lang='lat' dir='ltr'><strong>cite</strong></span> <span class='ocrx_word' id='word_1_266' title='bbox 382 3823 409 3866; x_wconf 85' lang='lat' dir='ltr'><strong>de</strong></span> <span class='ocrx_word' id='word_1_267' title='bbox 422 3822 443 3867; x_wconf 89' lang='lat' dir='ltr'><strong>la</strong></span> <span class='ocrx_word' id='word_1_268' title='bbox 458 3822 532 3866; x_wconf 86' lang='lat' dir='ltr'><strong>Lettre</strong></span> <span class='ocrx_word' id='word_1_269' title='bbox 546 3818 584 3875; x_wconf 86' lang='lat' dir='ltr'><strong>qui</strong></span> <span class='ocrx_word' id='word_1_270' title='bbox 598 3818 653 3874; x_wconf 81' lang='lat' dir='ltr'><strong>pre·</strong></span> 
     </span>
     <span class='ocr_line' id='line_1_40' title="bbox 114 3877 653 3941; baseline -0.02 -10"><span class='ocrx_word' id='word_1_271' title='bbox 114 3886 169 3931; x_wconf 79' lang='lat' dir='ltr'><strong>cede</strong></span> <span class='ocrx_word' id='word_1_272' title='bbox 179 3886 200 3931; x_wconf 90' lang='lat' dir='ltr'><strong>le</strong></span> <span class='ocrx_word' id='word_1_273' title='bbox 215 3885 312 3941; x_wconf 84' lang='lat' dir='ltr'><strong>premier</strong></span> <span class='ocrx_word' id='word_1_274' title='bbox 325 3884 380 3928; x_wconf 88' lang='lat' dir='ltr'><strong>livre</strong></span> <span class='ocrx_word' id='word_1_275' title='bbox 392 3884 466 3927; x_wconf 85' lang='lat' dir='ltr'><strong>deses</strong></span> <span class='ocrx_word' id='word_1_276' title='bbox 480 3882 575 3926; x_wconf 78' lang='lat' dir='ltr'><strong>Potrncs</strong></span> <span class='ocrx_word' id='word_1_277' title='bbox 585 3892 592 3923; x_wconf 75' lang='grc' dir='ltr'><strong>ι</strong></span> <span class='ocrx_word' id='word_1_278' title='bbox 604 3877 653 3922; x_wconf 89' lang='lat' dir='ltr'><strong>Sola</strong></span> 
     </span>
     <span class='ocr_line' id='line_1_41' title="bbox 114 3941 653 4004; baseline -0.019 -12"><span class='ocrx_word' id='word_1_279' title='bbox 114 3960 181 4004; x_wconf 86' lang='lat' dir='ltr'><strong>saepe</strong></span> <span class='ocrx_word' id='word_1_280' title='bbox 205 3946 335 3992; x_wconf 81' lang='lat' dir='ltr'><strong>bombicans</strong></span> <span class='ocrx_word' id='word_1_281' title='bbox 358 3945 465 3989; x_wconf 86' lang='lat' dir='ltr'><strong>barbaros</strong></span> <span class='ocrx_word' id='word_1_282' title='bbox 487 3942 564 3988; x_wconf 86' lang='lat' dir='ltr'><strong>leudos</strong></span> <span class='ocrx_word' id='word_1_283' title='bbox 583 3941 653 3994; x_wconf 88' lang='lat' dir='ltr'><strong>barpa</strong></span> 
     </span>
     <span class='ocr_line' id='line_1_42' title="bbox 115 4000 654 4063; baseline -0.022 -9"><span class='ocrx_word' id='word_1_284' title='bbox 115 4010 236 4063; x_wconf 78' lang='lat' dir='ltr'><strong>relidebat3</strong></span> <span class='ocrx_word' id='word_1_285' title='bbox 250 4008 307 4053; x_wconf 85' lang='lat' dir='ltr'><strong>mais</strong></span> <span class='ocrx_word' id='word_1_286' title='bbox 320 4006 455 4051; x_wconf 87' lang='lat' dir='ltr'><strong>Prudentius</strong></span> <span class='ocrx_word' id='word_1_287' title='bbox 465 4005 519 4049; x_wconf 86' lang='lat' dir='ltr'><strong>s’est</strong></span> <span class='ocrx_word' id='word_1_288' title='bbox 530 4002 588 4047; x_wconf 89' lang='lat' dir='ltr'><strong>servi</strong></span> <span class='ocrx_word' id='word_1_289' title='bbox 602 4000 654 4056; x_wconf 86' lang='lat' dir='ltr'><strong>piu-</strong></span> 
     </span>
     <span class='ocr_line' id='line_1_43' title="bbox 115 4062 654 4116; baseline -0.02 -1"><span class='ocrx_word' id='word_1_290' title='bbox 115 4072 187 4116; x_wconf 88' lang='lat' dir='ltr'><strong>sieurs</strong></span> <span class='ocrx_word' id='word_1_291' title='bbox 197 4071 238 4115; x_wconf 84' lang='lat' dir='ltr'><strong>tois</strong></span> <span class='ocrx_word' id='word_1_292' title='bbox 246 4071 275 4113; x_wconf 91' lang='lat' dir='ltr'><strong>de</strong></span> <span class='ocrx_word' id='word_1_293' title='bbox 284 4067 378 4113; x_wconf 66' lang='lat' dir='ltr'><strong>italicus</strong></span> <span class='ocrx_word' id='word_1_294' title='bbox 392 4067 448 4112; x_wconf 86' lang='lat' dir='ltr'><strong>dans</strong></span> <span class='ocrx_word' id='word_1_295' title='bbox 461 4068 481 4112; x_wconf 88' lang='lat' dir='ltr'><strong>le</strong></span> <span class='ocrx_word' id='word_1_296' title='bbox 491 4078 542 4111; x_wconf 87' lang='lat' dir='ltr'><strong>sens</strong></span> <span class='ocrx_word' id='word_1_297' title='bbox 553 4064 580 4108; x_wconf 89' lang='lat' dir='ltr'><strong>de</strong></span> <span class='ocrx_word' id='word_1_298' title='bbox 591 4062 654 4106; x_wconf 73' lang='lat' dir='ltr'><strong>trist</strong></span> 
     </span>
     <span class='ocr_line' id='line_1_44' title="bbox 115 4122 654 4188; baseline -0.022 -11"><span class='ocrx_word' id='word_1_299' title='bbox 115 4146 160 4188; x_wconf 83' lang='lat' dir='ltr'><strong>que</strong></span> <span class='ocrx_word' id='word_1_300' title='bbox 178 4140 241 4177; x_wconf 88' lang='lat' dir='ltr'><strong>notre</strong></span> <span class='ocrx_word' id='word_1_301' title='bbox 262 4135 338 4188; x_wconf 79' lang='lat' dir='ltr'><strong>poene</strong></span> <span class='ocrx_word' id='word_1_302' title='bbox 357 4129 439 4174; x_wconf 83' lang='lat' dir='ltr'><strong>semble</strong></span> <span class='ocrx_word' id='word_1_303' title='bbox 459 4130 542 4173; x_wconf 85' lang='lat' dir='ltr'><strong>donner</strong></span> <span class='ocrx_word' id='word_1_304' title='bbox 562 4122 654 4170; x_wconf 80' lang='lat' dir='ltr'><strong>cussit</strong></span> 
     </span>
     <span class='ocr_line' id='line_1_45' title="bbox 116 4194 220 4240; baseline -0.01 -2"><span class='ocrx_word' id='word_1_305' title='bbox 116 4194 201 4240; x_wconf 78' lang='lat' dir='ltr'><strong>liettstt</strong></span> <span class='ocrx_word' id='word_1_306' title='bbox 213 4210 220 4237; x_wconf 86' lang='lat'><strong>.·</strong></span> 
     </span>
    </p>
   </div>
   <div class='ocr_carea' id='block_1_11' title="bbox 751 3125 1113 3218">
    <p class='ocr_par' dir='ltr' id='par_1_29' title="bbox 751 3125 1113 3218">
     <span class='ocr_line' id='line_1_46' title="bbox 751 3125 1113 3218; baseline -0.006 -9"><span class='ocrx_word' id='word_1_307' title='bbox 751 3177 801 3218; x_wconf 74' lang='lat' dir='ltr'><strong>sire,</strong></span> <span class='ocrx_word' id='word_1_308' title='bbox 813 3178 859 3210; x_wconf 84' lang='lat' dir='ltr'><strong>e&#39;est</strong></span> <span class='ocrx_word' id='word_1_309' title='bbox 870 3125 1019 3210; x_wconf 47' lang='lat' dir='ltr'><strong>biannnuigimieict</strong></span> <span class='ocrx_word' id='word_1_310' title='bbox 1029 3175 1113 3208; x_wconf 82' lang='lat' dir='ltr'><strong>d&#39;sbatre</strong></span> 
     </span>
    </p>
   </div>
   <div class='ocr_carea' id='block_1_12' title="bbox 751 3219 1100 3307">
    <p class='ocr_par' dir='ltr' id='par_1_30' title="bbox 751 3219 1100 3307">
     <span class='ocr_line' id='line_1_47' title="bbox 751 3219 1100 3262; baseline -0.011 -8"><span class='ocrx_word' id='word_1_311' title='bbox 751 3222 794 3253; x_wconf 75' lang='lat' dir='ltr'><strong>lion</strong></span> <span class='ocrx_word' id='word_1_312' title='bbox 804 3221 857 3254; x_wconf 84' lang='lat' dir='ltr'><strong>arbre</strong></span> <span class='ocrx_word' id='word_1_313' title='bbox 866 3221 926 3262; x_wconf 79' lang='lat' dir='ltr'><strong>persi</strong></span> <span class='ocrx_word' id='word_1_314' title='bbox 935 3223 990 3261; x_wconf 69' lang='lat' dir='ltr'><strong>grant</strong></span> <span class='ocrx_word' id='word_1_315' title='bbox 1002 3219 1100 3260; x_wconf 70' lang='lat' dir='ltr'><strong>ouiustge.</strong></span> 
     </span>
     <span class='ocr_line' id='line_1_48' title="bbox 914 3275 987 3307; baseline -0.014 0"><span class='ocrx_word' id='word_1_316' title='bbox 914 3275 987 3307; x_wconf 80' lang='lat' dir='ltr'><strong>Jonas.</strong></span> 
     </span>
    </p>
   </div>
   <div class='ocr_carea' id='block_1_13' title="bbox 751 3325 1090 3422">
    <p class='ocr_par' dir='ltr' id='par_1_31' title="bbox 751 3325 1090 3422">
     <span class='ocr_line' id='line_1_49' title="bbox 751 3325 1090 3369; baseline -0.009 -10"><span class='ocrx_word' id='word_1_317' title='bbox 751 3327 794 3359; x_wconf 79' lang='lat' dir='ltr'><strong>‘isis</strong></span> <span class='ocrx_word' id='word_1_318' title='bbox 804 3330 841 3369; x_wconf 82' lang='lat' dir='ltr'><strong>toy,</strong></span> <span class='ocrx_word' id='word_1_319' title='bbox 851 3336 882 3359; x_wconf 77' lang='lat' dir='ltr'><strong>car</strong></span> <span class='ocrx_word' id='word_1_320' title='bbox 893 3327 923 3360; x_wconf 79' lang='lat' dir='ltr'><strong>s’ii</strong></span> <span class='ocrx_word' id='word_1_321' title='bbox 931 3336 944 3367; x_wconf 81' lang='lat' dir='ltr'>y</span> <span class='ocrx_word' id='word_1_322' title='bbox 953 3335 964 3358; x_wconf 92' lang='lat' dir='ltr'><strong>a</strong></span> <span class='ocrx_word' id='word_1_323' title='bbox 973 3325 1090 3367; x_wconf 71' lang='lat' dir='ltr'><strong>dommalge,</strong></span> 
     </span>
     <span class='ocr_line' id='line_1_50' title="bbox 752 3370 1047 3422; baseline -0.007 -18"><span class='ocrx_word' id='word_1_324' title='bbox 752 3372 780 3404; x_wconf 82' lang='lat' dir='ltr'><strong>&#39;iu</strong></span> <span class='ocrx_word' id='word_1_325' title='bbox 789 3381 812 3404; x_wconf 84' lang='lat' dir='ltr'><strong>en</strong></span> <span class='ocrx_word' id='word_1_326' title='bbox 822 3380 871 3409; x_wconf 78' lang='lat' dir='ltr'><strong>seras</strong></span> <span class='ocrx_word' id='word_1_327' title='bbox 880 3370 1016 3411; x_wconf 75' lang='lat' dir='ltr'><strong>dasdommsgd.</strong></span> <span class='ocrx_word' id='word_1_328' title='bbox 1043 3413 1047 3422; x_wconf 41' lang='grc' dir='ltr'>Ι</span> 
     </span>
    </p>
   </div>
   <div class='ocr_carea' id='block_1_14' title="bbox 914 3425 990 3457">
    <p class='ocr_par' dir='ltr' id='par_1_32' title="bbox 914 3425 990 3457">
     <span class='ocr_line' id='line_1_51' title="bbox 914 3425 990 3457; baseline -0.013 0"><span class='ocrx_word' id='word_1_329' title='bbox 914 3425 990 3457; x_wconf 74' lang='lat' dir='ltr'><strong>Bursa.</strong></span> 
     </span>
    </p>
   </div>
   <div class='ocr_carea' id='block_1_15' title="bbox 753 3473 1104 3560">
    <p class='ocr_par' dir='ltr' id='par_1_33' title="bbox 753 3473 1104 3560">
     <span class='ocr_line' id='line_1_52' title="bbox 753 3473 1104 3519; baseline -0.014 -8"><span class='ocrx_word' id='word_1_330' title='bbox 753 3479 815 3519; x_wconf 83' lang='lat' dir='ltr'><strong>Quant</strong></span> <span class='ocrx_word' id='word_1_331' title='bbox 823 3480 884 3510; x_wconf 82' lang='lat' dir='ltr'><strong>vostre</strong></span> <span class='ocrx_word' id='word_1_332' title='bbox 897 3477 949 3509; x_wconf 83' lang='lat' dir='ltr'><strong>ssoui</strong></span> <span class='ocrx_word' id='word_1_333' title='bbox 958 3477 1029 3508; x_wconf 77' lang='lat' dir='ltr'><strong>cassies</strong></span> <span class='ocrx_word' id='word_1_334' title='bbox 1038 3473 1104 3515; x_wconf 71' lang='lat' dir='ltr'><strong>mongo</strong></span> 
     </span>
     <span class='ocr_line' id='line_1_53' title="bbox 792 3520 1096 3560; baseline -0.01 -6"><span class='ocrx_word' id='word_1_335' title='bbox 792 3526 832 3554; x_wconf 76' lang='lat' dir='ltr'><strong>tons</strong></span> <span class='ocrx_word' id='word_1_336' title='bbox 841 3523 860 3554; x_wconf 87' lang='lat' dir='ltr'><strong>ie</strong></span> <span class='ocrx_word' id='word_1_337' title='bbox 868 3522 914 3554; x_wconf 75' lang='lat' dir='ltr'><strong>fruit</strong></span> <span class='ocrx_word' id='word_1_338' title='bbox 922 3521 945 3554; x_wconf 85' lang='lat' dir='ltr'><strong>de</strong></span> <span class='ocrx_word' id='word_1_339' title='bbox 953 3521 1020 3552; x_wconf 80' lang='lat' dir='ltr'><strong>i&#39;arbrs</strong></span> <span class='ocrx_word' id='word_1_340' title='bbox 1030 3520 1096 3560; x_wconf 65' lang='lat' dir='ltr'><strong>prinu</strong></span> 
     </span>
    </p>
   </div>
   <div class='ocr_carea' id='block_1_16' title="bbox 753 3524 816 3733">
    <p class='ocr_par' dir='ltr' id='par_1_34' title="bbox 754 3524 783 3555">
     <span class='ocr_line' id='line_1_54' title="bbox 754 3524 783 3555; baseline -0.034 0"><span class='ocrx_word' id='word_1_341' title='bbox 754 3524 783 3555; x_wconf 80' lang='lat' dir='ltr'><strong>Du</strong></span> 
     </span>
    </p>

    <p class='ocr_par' dir='ltr' id='par_1_35' title="bbox 753 3567 816 3733">
     <span class='ocr_line' id='line_1_55' title="bbox 753 3567 816 3599; baseline 0.016 -1"><span class='ocrx_word' id='word_1_342' title='bbox 753 3567 777 3598; x_wconf 84' lang='lat' dir='ltr'><strong>de</strong></span> <span class='ocrx_word' id='word_1_343' title='bbox 786 3576 816 3599; x_wconf 89' lang='lat' dir='ltr'><strong>mo</strong></span> 
     </span>
     <span class='ocr_line' id='line_1_56' title="bbox 755 3612 773 3643; baseline 0 0"><span class='ocrx_word' id='word_1_344' title='bbox 755 3612 773 3643; x_wconf 78' lang='lat' dir='ltr'><strong>ii</strong></span> 
     </span>
     <span class='ocr_line' id='line_1_57' title="bbox 754 3656 777 3687; baseline 0 0"><span class='ocrx_word' id='word_1_345' title='bbox 754 3656 777 3687; x_wconf 85' lang='lat' dir='ltr'><strong>de</strong></span> 
     </span>
     <span class='ocr_line' id='line_1_58' title="bbox 755 3702 767 3733; baseline 0 0"><span class='ocrx_word' id='word_1_346' title='bbox 755 3702 767 3733; x_wconf 79' lang='lat' dir='ltr'>S</span> 
     </span>
    </p>
   </div>
   <div class='ocr_carea' id='block_1_17' title="bbox 755 3564 1120 3970">
    <p class='ocr_par' dir='ltr' id='par_1_36' title="bbox 768 3564 1101 3741">
     <span class='ocr_line' id='line_1_59' title="bbox 816 3564 1061 3605; baseline -0.008 -8"><span class='ocrx_word' id='word_1_347' title='bbox 816 3567 823 3597; x_wconf 93' lang='lat' dir='ltr'><strong>i</strong></span> <span class='ocrx_word' id='word_1_348' title='bbox 832 3567 923 3599; x_wconf 76' lang='lat' dir='ltr'><strong>n&#39;eusslca</strong></span> <span class='ocrx_word' id='word_1_349' title='bbox 930 3564 969 3598; x_wconf 73' lang='lat' dir='ltr'><strong>este</strong></span> <span class='ocrx_word' id='word_1_350' title='bbox 977 3566 1048 3605; x_wconf 82' lang='lat' dir='ltr'><strong>seprius</strong></span> <span class='ocrx_word' id='word_1_351' title='bbox 1056 3576 1061 3603; x_wconf 70' lang='grc' dir='ltr'>ς</span> 
     </span>
     <span class='ocr_line' id='line_1_60' title="bbox 774 3608 1101 3651; baseline -0.009 -8"><span class='ocrx_word' id='word_1_352' title='bbox 774 3614 802 3643; x_wconf 82' lang='lat' dir='ltr'><strong>ais</strong></span> <span class='ocrx_word' id='word_1_353' title='bbox 813 3620 880 3651; x_wconf 76' lang='lat' dir='ltr'><strong>penses</strong></span> <span class='ocrx_word' id='word_1_354' title='bbox 889 3620 924 3650; x_wconf 88' lang='lat' dir='ltr'><strong>que</strong></span> <span class='ocrx_word' id='word_1_355' title='bbox 934 3613 975 3649; x_wconf 87' lang='lat' dir='ltr'><strong>trop</strong></span> <span class='ocrx_word' id='word_1_356' title='bbox 984 3619 1014 3641; x_wconf 89' lang='lat' dir='ltr'><strong>me</strong></span> <span class='ocrx_word' id='word_1_357' title='bbox 1022 3608 1101 3648; x_wconf 84' lang='lat' dir='ltr'><strong>depiaist</strong></span> 
     </span>
     <span class='ocr_line' id='line_1_61' title="bbox 788 3654 1065 3695; baseline -0.007 -7"><span class='ocrx_word' id='word_1_358' title='bbox 788 3664 860 3695; x_wconf 87' lang='lat' dir='ltr'><strong>rompre</strong></span> <span class='ocrx_word' id='word_1_359' title='bbox 868 3655 935 3687; x_wconf 82' lang='lat' dir='ltr'><strong>l&#39;arbre</strong></span> <span class='ocrx_word' id='word_1_360' title='bbox 944 3655 970 3686; x_wconf 84' lang='lat' dir='ltr'><strong>tei</strong></span> <span class='ocrx_word' id='word_1_361' title='bbox 981 3654 1028 3695; x_wconf 84' lang='lat' dir='ltr'><strong>qu&#39;il</strong></span> <span class='ocrx_word' id='word_1_362' title='bbox 1037 3657 1065 3686; x_wconf 88' lang='lat' dir='ltr'><strong>est</strong></span> 
     </span>
     <span class='ocr_line' id='line_1_62' title="bbox 768 3698 1035 3741; baseline -0.019 -7"><span class='ocrx_word' id='word_1_363' title='bbox 768 3709 802 3734; x_wconf 77' lang='lat' dir='ltr'><strong>sus</strong></span> <span class='ocrx_word' id='word_1_364' title='bbox 813 3700 890 3741; x_wconf 73' lang='lat' dir='ltr'><strong>besoiug</strong></span> <span class='ocrx_word' id='word_1_365' title='bbox 900 3699 947 3740; x_wconf 87' lang='lat' dir='ltr'><strong>qu&#39;il</strong></span> <span class='ocrx_word' id='word_1_366' title='bbox 958 3707 981 3730; x_wconf 84' lang='lat' dir='ltr'><strong>en</strong></span> <span class='ocrx_word' id='word_1_367' title='bbox 993 3698 1035 3731; x_wconf 91' lang='lat' dir='ltr'><strong>solt.</strong></span> 
     </span>
    </p>

    <p class='ocr_par' dir='ltr' id='par_1_37' title="bbox 918 3752 990 3785">
     <span class='ocr_line' id='line_1_63' title="bbox 918 3752 990 3785; baseline -0.028 0"><span class='ocrx_word' id='word_1_368' title='bbox 918 3752 929 3785; x_wconf 84' lang='lat' dir='ltr'>J</span> <span class='ocrx_word' id='word_1_369' title='bbox 932 3757 990 3785; x_wconf 67' lang='lat' dir='ltr'><strong>unm.</strong></span> 
     </span>
    </p>

    <p class='ocr_par' dir='ltr' id='par_1_38' title="bbox 1039 3795 1120 3837">
     <span class='ocr_line' id='line_1_64' title="bbox 1039 3795 1120 3837; baseline 0.012 -11"><span class='ocrx_word' id='word_1_370' title='bbox 1039 3795 1120 3837; x_wconf 78' lang='lat' dir='ltr'><strong>villain,</strong></span> 
     </span>
    </p>

    <p class='ocr_par' dir='ltr' id='par_1_39' title="bbox 755 3840 1067 3970">
     <span class='ocr_line' id='line_1_65' title="bbox 755 3840 1067 3883; baseline -0.019 -6"><span class='ocrx_word' id='word_1_371' title='bbox 755 3844 786 3877; x_wconf 86' lang='lat' dir='ltr'><strong>s&#39;il</strong></span> <span class='ocrx_word' id='word_1_372' title='bbox 795 3843 843 3875; x_wconf 73' lang='lat' dir='ltr'><strong>{solt</strong></span> <span class='ocrx_word' id='word_1_373' title='bbox 851 3849 887 3883; x_wconf 84' lang='lat' dir='ltr'><strong>que</strong></span> <span class='ocrx_word' id='word_1_374' title='bbox 893 3840 914 3881; x_wconf 82' lang='lat' dir='ltr'><strong>je</strong></span> <span class='ocrx_word' id='word_1_375' title='bbox 925 3842 981 3873; x_wconf 84' lang='lat' dir='ltr'><strong>mette</strong></span> <span class='ocrx_word' id='word_1_376' title='bbox 989 3840 1008 3871; x_wconf 88' lang='lat' dir='ltr'><strong>ia</strong></span> <span class='ocrx_word' id='word_1_377' title='bbox 1016 3841 1067 3871; x_wconf 81' lang='lat' dir='ltr'><strong>main</strong></span> 
     </span>
     <span class='ocr_line' id='line_1_66' title="bbox 755 3884 1059 3929; baseline -0.02 -7"><span class='ocrx_word' id='word_1_378' title='bbox 755 3892 791 3922; x_wconf 79' lang='lat' dir='ltr'><strong>itur</strong></span> <span class='ocrx_word' id='word_1_379' title='bbox 799 3892 819 3921; x_wconf 82' lang='lat' dir='ltr'><strong>ts</strong></span> <span class='ocrx_word' id='word_1_380' title='bbox 828 3891 884 3929; x_wconf 82' lang='lat' dir='ltr'><strong>teste,</strong></span> <span class='ocrx_word' id='word_1_381' title='bbox 898 3885 912 3916; x_wconf 88' lang='lat' dir='ltr'><strong>n</strong></span> <span class='ocrx_word' id='word_1_382' title='bbox 923 3892 989 3925; x_wconf 77' lang='lat' dir='ltr'><strong>ysara</strong></span> <span class='ocrx_word' id='word_1_383' title='bbox 997 3884 1059 3925; x_wconf 80' lang='lat' dir='ltr'><strong>bmyt.</strong></span> 
     </span>
     <span class='ocr_line' id='line_1_67' title="bbox 919 3938 996 3970; baseline 0 0"><span class='ocrx_word' id='word_1_384' title='bbox 919 3938 996 3970; x_wconf 73' lang='lat' dir='ltr'><strong>norm.</strong></span> 
     </span>
    </p>
   </div>
   <div class='ocr_carea' id='block_1_18' title="bbox 755 3989 1143 4079">
    <p class='ocr_par' dir='ltr' id='par_1_40' title="bbox 755 3989 1143 4079">
     <span class='ocr_line' id='line_1_68' title="bbox 755 3989 1104 4033; baseline -0.009 -6"><span class='ocrx_word' id='word_1_385' title='bbox 755 3996 833 4033; x_wconf 79' lang='lat' dir='ltr'><strong>itompre</strong></span> <span class='ocrx_word' id='word_1_386' title='bbox 840 3993 907 4025; x_wconf 78' lang='lat' dir='ltr'><strong>i&#39;arbre</strong></span> <span class='ocrx_word' id='word_1_387' title='bbox 918 3995 937 4024; x_wconf 85' lang='lat' dir='ltr'><strong>ct</strong></span> <span class='ocrx_word' id='word_1_388' title='bbox 945 3991 1014 4023; x_wconf 80' lang='lat' dir='ltr'><strong>emblet·</strong></span> <span class='ocrx_word' id='word_1_389' title='bbox 1022 3991 1040 4022; x_wconf 90' lang='lat' dir='ltr'><strong>ie</strong></span> <span class='ocrx_word' id='word_1_390' title='bbox 1048 3989 1104 4024; x_wconf 73' lang='lat' dir='ltr'><strong>traict</strong></span> 
     </span>
     <span class='ocr_line' id='line_1_69' title="bbox 755 4036 1143 4079; baseline -0.008 -7"><span class='ocrx_word' id='word_1_391' title='bbox 755 4040 807 4072; x_wconf 79' lang='lat' dir='ltr'><strong>it‘est</strong></span> <span class='ocrx_word' id='word_1_392' title='bbox 815 4047 848 4079; x_wconf 83' lang='lat' dir='ltr'><strong>pas</strong></span> <span class='ocrx_word' id='word_1_393' title='bbox 857 4037 903 4070; x_wconf 87' lang='lat' dir='ltr'><strong>taict</strong></span> <span class='ocrx_word' id='word_1_394' title='bbox 911 4037 969 4076; x_wconf 72' lang='lat' dir='ltr'><strong>d&#39;ung</strong></span> <span class='ocrx_word' id='word_1_395' title='bbox 977 4036 1050 4067; x_wconf 85' lang='lat' dir='ltr'><strong>homme</strong></span> <span class='ocrx_word' id='word_1_396' title='bbox 1061 4036 1084 4067; x_wconf 82' lang='lat' dir='ltr'><strong>de</strong></span> <span class='ocrx_word' id='word_1_397' title='bbox 1093 4036 1143 4069; x_wconf 84' lang='lat' dir='ltr'><strong>bion.</strong></span> 
     </span>
    </p>
   </div>
   <div class='ocr_carea' id='block_1_19' title="bbox 920 4089 993 4122">
    <p class='ocr_par' dir='ltr' id='par_1_41' title="bbox 920 4089 993 4122">
     <span class='ocr_line' id='line_1_70' title="bbox 920 4089 993 4122; baseline -0.041 0"><span class='ocrx_word' id='word_1_398' title='bbox 920 4089 993 4122; x_wconf 83' lang='lat' dir='ltr'><strong>Jonas.</strong></span> 
     </span>
    </p>
   </div>
   <div class='ocr_carea' id='block_1_20' title="bbox 755 4142 1108 4230">
    <p class='ocr_par' dir='ltr' id='par_1_42' title="bbox 755 4142 1108 4230">
     <span class='ocr_line' id='line_1_71' title="bbox 755 4142 1108 4186; baseline -0.014 -8"><span class='ocrx_word' id='word_1_399' title='bbox 755 4147 798 4179; x_wconf 75' lang='lat' dir='ltr'><strong>&#39;raia</strong></span> <span class='ocrx_word' id='word_1_400' title='bbox 807 4148 844 4186; x_wconf 75' lang='lat' dir='ltr'><strong>toy,</strong></span> <span class='ocrx_word' id='word_1_401' title='bbox 854 4144 935 4183; x_wconf 76' lang='lat' dir='ltr'><strong>i&#39;liisln,</strong></span> <span class='ocrx_word' id='word_1_402' title='bbox 945 4151 969 4174; x_wconf 90' lang='lat' dir='ltr'><strong>na</strong></span> <span class='ocrx_word' id='word_1_403' title='bbox 978 4151 1007 4174; x_wconf 90' lang='lat' dir='ltr'><strong>ma</strong></span> <span class='ocrx_word' id='word_1_404' title='bbox 1015 4142 1045 4174; x_wconf 83' lang='lat' dir='ltr'><strong>dis</strong></span> <span class='ocrx_word' id='word_1_405' title='bbox 1053 4143 1092 4174; x_wconf 75' lang='lat' dir='ltr'><strong>rien</strong></span> <span class='ocrx_word' id='word_1_406' title='bbox 1101 4167 1108 4185; x_wconf 84' lang='lat'><strong>,</strong></span> 
     </span>
     <span class='ocr_line' id='line_1_72' title="bbox 756 4187 1042 4230; baseline -0.021 -6"><span class='ocrx_word' id='word_1_407' title='bbox 756 4194 784 4224; x_wconf 82' lang='lat' dir='ltr'><strong>Oa</strong></span> <span class='ocrx_word' id='word_1_408' title='bbox 794 4195 814 4223; x_wconf 91' lang='lat' dir='ltr'><strong>tu</strong></span> <span class='ocrx_word' id='word_1_409' title='bbox 823 4192 861 4222; x_wconf 86' lang='lat' dir='ltr'><strong>t&#39;eu</strong></span> <span class='ocrx_word' id='word_1_410' title='bbox 870 4196 947 4230; x_wconf 81' lang='lat' dir='ltr'><strong>pourraa</strong></span> <span class='ocrx_word' id='word_1_411' title='bbox 956 4187 1042 4228; x_wconf 68' lang='lat' dir='ltr'><strong>reponite</strong></span> 
     </span>
    </p>
   </div>
   <div class='ocr_carea' id='block_1_21' title="bbox 0 0 1592 5194">
    <p class='ocr_par' dir='ltr' id='par_1_43' title="bbox 0 0 1592 5194">
     <span class='ocr_line' id='line_1_73' title="bbox 0 0 1592 5194; baseline 0 0"><span class='ocrx_word' id='word_1_412' title='bbox 0 0 1592 5194; x_wconf 95' lang='lat' dir='ltr'><strong> </strong></span> 
     </span>
    </p>
   </div>
  </div>
 </body>
</html>
