3146 5192
677 457 730 512 127
744 486 780 494 -

280 586 396 661 Surge,
418 596 532 661 surge,
555 578 668 659 vigila,
694 583 899 661 sempereste
918 587 1057 662 paratus.

279 718 312 776 ln
326 714 387 776 hae
401 712 465 775 vita
479 711 622 775 nascitur
635 712 683 777 vir
696 714 799 776 emnis
814 732 887 776 eum
897 734 1061 795 moerore,

279 822 310 881 et
324 820 357 881 in
370 820 469 883 vitam
485 819 613 882 ducitur
624 821 765 883 humano
779 839 853 883 eum
864 823 989 903 labere,

278 929 394 1006 etpost
407 925 505 988 vitam
518 926 678 989 clauditur
691 945 765 989 eum
779 928 899 991 luneris
911 929 1031 993 delere.

278 1037 392 1114 Surge,
407 1051 520 1113 surge,
533 1033 644 1114 vigila,
661 1052 784 1114 semper
797 1040 866 1098 este
877 1041 1017 1116 paratus.

278 1167 306 1231 Si
320 1185 493 1231 conversus
510 1168 608 1230 ltreris
622 1173 655 1229 et
666 1170 754 1231 velut
766 1187 845 1248 puer
857 1174 1004 1253 sanetuS,

278 1276 309 1335 et
319 1273 417 1336 vitam
429 1273 603 1337 mutaveris
618 1274 650 1335 in
664 1274 813 1339 meliores
825 1279 933 1357 aetus,

277 1380 322 1442 sic
336 1381 453 1442 intrare
466 1381 587 1460 peteris
599 1399 735 1461 regnum
746 1383 799 1444 Dei
812 1384 935 1446 beatus.

276 1490 393 1567 Surge,
409 1504 522 1568 surge,
537 1487 652 1568 vigila,
668 1507 791 1568 semper
805 1494 874 1552 este
887 1495 1027 1569 paratus.

618 1714 734 1788 Autre(
756 1717 776 1789 ).

138 1879 254 1943 Audiat
266 1881 395 1945 auribus
407 1884 627 1965 interioribus,
650 1885 759 1948 audiat
772 1885 875 1966 erbis,

138 1984 223 2047 erbis
233 1991 272 2049 ut
286 1988 388 2050 orbita
402 1989 537 2051 vertitur
548 1989 582 2051 in
596 1989 659 2051 eita
675 1990 801 2051 turbine
815 1989 927 2052 mertis
941 1989 948 2050 1

138 2089 292 2151 Praeterit
303 2094 336 2152 et
349 2091 431 2169 perit
446 2096 479 2154 et
492 2093 640 2155 nebulam
656 2092 737 2172 gerit
750 2094 836 2155 erbis
850 2110 1037 2173 amoenum,

135 2192 258 2256 tollitur
272 2198 317 2270 (2)
331 2195 420 2258 eeius
433 2196 500 2276 ipse
513 2198 563 2259 vel
577 2196 676 2277 ipsius
693 2214 787 2258 omne
801 2214 958 2259 serenum.

137 2295 226 2359 Orbis
237 2298 342 2361 benur
355 2299 432 2361 levis
444 2304 509 2381 est,
525 2300 766 2367 atomusbrevis
780 2306 813 2362 et
825 2301 920 2364 breve
933 2302 1048 2362 festum
1062 2348 1071 2379 ,

136 2400 182 2462 nil
197 2402 251 2464 dat
265 2404 415 2485 amabile,
430 2405 475 2467 nil
488 2409 574 2468 amat
588 2406 683 2487 utile,
698 2406 781 2468 ridet
795 2409 986 2486 honestum,

137 2506 295 2586 llosteque
308 2508 466 2589 eorporis,
482 2510 638 2589 hosteque
652 2510 805 2590 pecteris,
825 2510 911 2572 intus
923 2513 956 2571 et
967 2511 1075 2589 extra,

136 2608 261 2672 berruit
273 2611 317 2686 (3)
331 2612 456 2694 ariduS,
472 2613 557 2676 aruit
572 2614 739 2695 horridus,
754 2617 787 2676 et
798 2631 856 2677 sua
871 2616 962 2675 festa.

135 2716 225 2778 Orbis
239 2735 330 2779 amor
340 2712 438 2800 perit,
456 2723 552 2800 atque
564 2738 640 2782 sues
655 2721 729 2781 terit
743 2720 829 2782 erbis
842 2721 986 2780 amantes

136 2824 168 2882 et
178 2840 236 2887 sua
252 2824 387 2906 gaudia,
403 2825 521 2904 gaudia
536 2825 657 2908 tristia,
672 2844 748 2891 vera
761 2828 920 2906 putantes.

136 2926 360 3007 Evigilabimus
373 2948 414 2993 an
427 2931 662 2993 remanebimus
676 2931 709 2992 in
725 2933 778 2992 lue
791 2928 921 3009 mundi,

135 3048 229 3109 quem
243 3035 332 3112 patet
351 3033 497 3113 ignibus,
513 3033 740 3115 alluvionibus,
761 3034 853 3095 hoste
867 3031 1016 3094 retundi?

136 3137 214 3212 Quid
226 3157 328 3220 vaga,
350 3139 428 3219 quid
439 3158 493 3203 rea
507 3140 605 3205 eorda
620 3142 731 3204 colunt
742 3158 780 3202 ea
792 3157 875 3219 quae
887 3138 964 3200 nihil
979 3142 1128 3202 exstant?

135 3248 220 3318 Quae
231 3246 329 3307 breue
339 3246 508 3329 plaudere,
524 3263 589 3308 nen
600 3247 696 3310 breve
709 3248 877 3326 plangere,
892 3246 1068 3324 pestbreve
1078 3251 1252 3326 praestant.

135 3350 304 3430 (lurcare,
324 3350 489 3429 proximus
502 3350 585 3430 ignis
599 3354 632 3412 et
644 3350 775 3413 intimus
790 3348 911 3430 bostis,
927 3351 1074 3412 amatur?

135 3454 243 3521 Carnis
257 3473 347 3519 amer
359 3457 459 3537 perit,
475 3459 524 3519 est
538 3474 629 3538 resa,
647 3458 721 3520 laer
734 3456 794 3517 erit
807 3488 814 3537 3
831 3472 907 3534 erge
920 3453 1072 3534 spuatur!

135 3560 249 3627 acero
264 3562 419 3644 candida,
434 3565 506 3643 pest
516 3564 613 3626 breve
625 3562 738 3642 fetida,
753 3563 909 3641 plenaque
923 3558 1038 3621 laeeis!

134 3669 202 3731 Fies
217 3669 336 3749 mede,
350 3686 427 3730 mex
441 3669 535 3731 fimus
549 3672 582 3731 et
594 3668 688 3745 limus
702 3667 849 3745 infimus,
863 3667 950 3728 unde
964 3664 1135 3728 tumescis?

156 3891 182 3948 (l)
207 3891 236 3937 u.
255 3893 286 3936 ll.
309 3897 417 3944 nauale,
439 3891 474 3938 tot
493 3897 535 3943 la,
554 3904 632 3942 verse.
652 3898 675 3937 et
710 3891 731 3934 le
748 3890 782 3936 De
796 3893 929 3947 contempte
947 3888 1032 3934 mundi
1046 3889 1073 3933 de
1083 3887 1212 3933 Bernartius
1224 3886 1253 3930 de

132 3960 158 3995 no
167 3958 236 4007 2320,
253 3953 289 3999 let
301 3958 339 4008 15,
352 3960 430 4008 ree103
443 3953 555 4000 l’teriture
566 3954 606 4000 des
615 3954 674 3998 deux
710 3952 802 4010 llerley.

132 4027 180 4062 mss.
196 4015 257 4063 ales
273 4016 401 4061 caracteres
415 4015 538 4063 ordinaires
556 4016 586 4061 du
603 4016 673 4061 llllle
743 4041 840 4086 ,Com
883 4042 896 4084 d
952 4041 959 4084 Ι
991 4052 1025 4084 ω
1046 4043 1100 4084 m,

130 4079 203 4127 situle.
224 4078 507 4138 eerbphmeeomplique
521 4092 534 4124 a
549 4080 585 4125 ete
599 4078 673 4131 aussi,
735 4044 764 4097 U
820 4054 873 4085 ων
898 4053 972 4085 ⁸⁰⁸⁰
1027 4073 1032 4084 '
1103 4072 1107 4082 '

132 4156 217 4190 tumme
230 4154 260 4189 en
273 4146 336 4189 vient
353 4142 411 4188 dele
424 4144 482 4196 veir,
497 4142 599 4198 employa
618 4140 673 4185 dam
736 4139 764 4195 (el
779 4137 876 4183 Corruit
888 4138 942 4182 dans
954 4138 974 4181 le
984 4149 1026 4185 mu.
1038 4142 1100 4183 2520.
