3160 5196
809 521 975 581 -tlt-

471 650 591 713 ducam
603 649 653 713 vel
667 652 709 725 (tt
722 649 850 728 portam
862 649 978 719 mobile
991 647 1146 729 quidquid
1159 650 1288 714 babent.

430 761 533 837 Ergo,
549 755 626 818 dum
637 755 819 819 llaebomes
828 758 863 819 et
873 757 989 837 vulgus
1003 755 1115 821 inuble
1125 756 1198 819 belli
1212 762 1260 833 (a)

469 864 534 924 stat
546 863 675 943 procul,
689 864 842 927 mentum
854 879 950 927 nosse
962 862 1008 926 rei
1022 861 1172 945 optem,

432 970 541 1032 astute
553 969 733 1033 Maeliomes
746 969 871 1033 eunetis
880 969 1059 1051 blanditur,
1074 974 1112 1033 ut
1123 973 1232 1052 aetas,

471 1078 508 1137 ut
519 1092 639 1155 genus,
653 1077 691 1138 ut
702 1090 818 1139 sensus
826 1076 924 1155 hujus
937 1079 970 1139 et
980 1077 1079 1157 liujus
1091 1079 1200 1157 orant,

432 1178 545 1243 Dicens
556 1207 565 1242 t
580 1203 596 1239 a
611 1180 796 1262 Ooomites,
808 1181 905 1247 nnn
918 1181 995 1245 mibi
1008 1200 1087 1245 eura
1100 1181 1228 1264 renota,

471 1289 505 1349 et
512 1288 667 1366 iuvenum
680 1286 798 1368 pietas,
816 1286 1025 1368 debilitasque
1036 1305 1170 1370 mrum,

432 1397 471 1457 nt
481 1393 603 1475 fragilis
615 1408 713 1457 sexus
725 1396 837 1458 menet
845 1397 881 1458 et
889 1399 998 1461 movet
1010 1395 1124 1460 intima
1133 1397 1256 1476 cordis,

474 1499 584 1564 usibus
597 1504 634 1564 ut
646 1501 759 1567 vestris
770 1503 939 1566 eommodn
947 1503 1142 1584 provideam.

434 1607 524 1673 Scitis
537 1607 625 1688 quod
638 1607 755 1671 nostris
768 1609 809 1671 ad
822 1609 905 1672 bella
918 1609 1100 1673 volentibus
1113 1610 1159 1673 ire

473 1716 626 1781 adversus
638 1720 749 1779 Persas
761 1718 799 1778 ut
812 1716 953 1779 tenerent
966 1716 1071 1797 vetui,

434 1821 525 1895 Quod
533 1838 600 1884 non
611 1819 776 1901 teoismm,
791 1820 817 1883 si
829 1838 896 1884 non
910 1820 1061 1888 divinitus
1073 1821 1153 1884 illud

473 1925 680 2005 praeseissem
692 1926 844 2007 vetitum,
857 1926 1068 2007 praecipiente
1079 1930 1163 2005 beo,

435 2034 473 2094 nt
485 2033 638 2112 quoniam
650 2032 783 2097 vetitum
797 2033 941 2099 divinum
961 2034 1210 2115 praeterierunt,

475 2157 601 2222 omnes,
616 2143 653 2202 ut
663 2139 779 2222 timeo,
795 2141 993 2204 destruetira
1007 2140 1072 2204 Dei.

436 2246 497 2309 Sed
507 2263 565 2311 vos
578 2245 720 2311 insontes
732 2246 811 2328 quid
820 2264 943 2326 poenae
956 2247 1194 2328 promeruistis,

476 2352 599 2434 intans,
614 2356 731 2435 mater,
747 2371 844 2434 anus,
859 2372 973 2437 verna,
988 2354 1108 2437 puella,
1124 2362 1242 2420 senex?

438 2461 520 2538 Ergo
530 2461 614 2520 Deus
627 2458 717 2545 vobis
727 2462 856 2541 pareat,
872 2462 1061 2541 vostraeque
1070 2463 1195 2541 puellae

477 2565 510 2624 et
519 2562 608 2642 pueri
622 2563 752 2626 thalami
767 2564 896 2629 loedere
908 2567 1118 2648 convenient,

438 2669 553 2731 Taliter
562 2672 599 2731 ut
613 2668 712 2733 denas
725 2671 784 2735 sibi
798 2673 926 2752 copulet
939 2691 1042 2756 unus,
1056 2677 1089 2737 et
1102 2691 1185 2755 una,

465 2777 504 2839 'si
517 2776 629 2859 libeat,
645 2777 744 2841 denos
757 2781 885 2860 copulet
898 2780 966 2863 ipsa
978 2781 1058 2863 sibi,

438 2889 500 2948 Nee
510 2886 618 2948 tamen
632 2884 701 2966 ille,
716 2890 780 2950 beo
794 2881 982 2969 mandante,
995 2891 1126 2969 putetur
1136 2888 1281 2970 adulter,

479 3008 539 3055 nee
552 2993 716 3072 reputetur
729 2993 771 3056 ob
783 2993 847 3057 hoc
862 2992 1002 3059 criminis
1015 2993 1069 3058 illa
1079 3012 1144 3058 rea.

440 3100 547 3163 Culter
561 3098 646 3163 enim
659 3102 783 3182 terrae,
797 3100 824 3164 si
836 3102 956 3165 multos
969 3101 1104 3165 seminet
1116 3103 1150 3178 (l.
1165 3101 1332 3178 seminati)
1344 3117 1448 3183 agros,

478 3206 633 3271 messibus
646 3224 664 3269 e
677 3207 786 3285 mullis
799 3208 914 3273 borrea
927 3209 1027 3271 multa
1040 3209 1141 3288 replet
1153 3208 1216 3289 (3);

440 3315 489 3380 Sic
501 3320 534 3380 et
546 3333 623 3396 ager
635 3314 765 3396 quando
778 3314 886 3379 multis
899 3317 1045 3380 versatur
1057 3315 1187 3397 aratris,

480 3421 507 3485 si
520 3423 639 3485 tereret
651 3419 782 3500 sterilis,
797 3419 908 3483 fertilis
921 3419 1066 3485 efficitur.

441 3528 491 3593 Sic
503 3529 613 3609 gignet
625 3531 667 3609 (t)
677 3529 795 3593 multos
807 3526 915 3591 multis
928 3545 947 3590 e
959 3528 1115 3593 matribus
1125 3528 1196 3609 ille,

481 3635 534 3697 illa
543 3638 587 3710 (5)
597 3635 648 3699 vel
659 3652 700 3698 ex
709 3651 775 3701 uno
788 3632 909 3699 semine
922 3633 1098 3715 coneipiet:

443 3746 522 3806 Nam
535 3743 561 3804 si
572 3741 612 3804 de
621 3744 669 3805 tot
680 3740 743 3806 erit
755 3743 871 3805 nablia
882 3739 1016 3821 frigidus
1027 3759 1129 3821 nnus,

371 3923 404 3980 lt)
417 3921 447 3966 Εἰ
459 3922 515 3967 dans
526 3922 555 3966 Β.
942 3925 1025 3967 tuom,
1037 3925 1110 3965 quana
1118 3926 1284 3957 uolumenum
1295 3922 1363 3964 mm

372 4002 402 4058 (2)
415 4000 508 4046 Reum
520 4001 576 4047 dm
589 4000 617 4045 B·
941 3969 1011 4010 ⁸9⁰¹&
1028 3978 1053 4002 ¹1⁸
1072 3978 1169 4010 perteque
1177 3969 1365 4002 videntsueoraseere
1373 3967 1421 4000 vina.

373 4080 402 4135 tel
416 4078 496 4137 Refert
505 4080 601 4136 damin
616 4080 674 4124 mals
686 4080 707 4124 ta
718 4079 827 4136 premiere
835 4080 881 4135 syl·

1018 3978 1028 4003 ·
1057 3993 1062 4011 ‚

1010 4035 1235 4093 naumann»,
1249 4036 1263 4080 Ι.
1276 4044 1331 4090 rut,
1344 4047 1368 4079 v.
1377 4037 1423 4081 tw.

346 4134 396 4187 laba
409 4143 437 4187 de
449 4140 526 4199 reptet
538 4142 593 4186 emit
605 4142 724 4195 doutense,
739 4143 811 4187 meme
825 4140 881 4186 dans
942 4124 971 4180 (ὅ)
987 4122 1074 4169 Gt‘ffll
1085 4122 1185 4179 43118Ᾱὶ
1198 4121 1302 4179 patae
1314 4122 1373 4171 dm
1383 4122 1412 4166 Β·

347 4204 368 4249 la
382 4204 453 4251 boum
466 4204 568 4250 latinitt:
946 4202 974 4257 (tl)
989 4200 1032 4247 llte
1046 4203 1102 4246 dens
1115 4202 1142 4247 lt.
