<?xml version="1.0" encoding="UTF-8"?>
<!DOCTYPE html PUBLIC "-//W3C//DTD XHTML 1.0 Transitional//EN"
    "http://www.w3.org/TR/xhtml1/DTD/xhtml1-transitional.dtd">
<html xmlns="http://www.w3.org/1999/xhtml" xml:lang="en" lang="en">
 <head>
  <title>
</title>
<meta http-equiv="Content-Type" content="text/html;charset=utf-8" />
  <meta name='ocr-system' content='tesseract 3.04.00' />
  <meta name='ocr-capabilities' content='ocr_page ocr_carea ocr_par ocr_line ocrx_word'/>
</head>
<body>
  <div class='ocr_page' id='page_1' title='image "./posiespopulaire04mrgoog_0210.png"; bbox 0 0 3118 5198; ppageno 0'>
   <div class='ocr_carea' id='block_1_1' title="bbox 810 465 976 520">
    <p class='ocr_par' dir='ltr' id='par_1_1' title="bbox 810 465 976 520">
     <span class='ocr_line' id='line_1_1' title="bbox 810 465 976 520; baseline 0 0"><span class='ocrx_word' id='word_1_1' title='bbox 810 465 976 520; x_wconf 73' lang='lat'><strong>-192—</strong></span> 
     </span>
    </p>
   </div>
   <div class='ocr_carea' id='block_1_2' title="bbox 334 588 1466 774">
    <p class='ocr_par' dir='ltr' id='par_1_2' title="bbox 334 588 1466 774">
     <span class='ocr_line' id='line_1_2' title="bbox 334 588 1466 671; baseline -0.004 -13"><span class='ocrx_word' id='word_1_2' title='bbox 334 588 440 658; x_wconf 84' lang='lat' dir='ltr'><strong>menta</strong></span> <span class='ocrx_word' id='word_1_3' title='bbox 460 599 494 657; x_wconf 89' lang='lat' dir='ltr'><strong>et</strong></span> <span class='ocrx_word' id='word_1_4' title='bbox 509 593 698 656; x_wconf 87' lang='lat' dir='ltr'><strong>cantatellae</strong></span> <span class='ocrx_word' id='word_1_5' title='bbox 712 589 828 671; x_wconf 83' lang='lat' dir='ltr'><strong>quibus</strong></span> <span class='ocrx_word' id='word_1_6' title='bbox 845 590 895 654; x_wconf 83' lang='lat' dir='ltr'><strong>vel</strong></span> <span class='ocrx_word' id='word_1_7' title='bbox 914 588 1052 651; x_wconf 82' lang='lat' dir='ltr'><strong>maxime</strong></span> <span class='ocrx_word' id='word_1_8' title='bbox 1069 589 1215 669; x_wconf 80' lang='lat' dir='ltr'><strong>sugillius</strong></span> <span class='ocrx_word' id='word_1_9' title='bbox 1232 592 1419 653; x_wconf 86' lang='lat' dir='ltr'><strong>Germanus</strong></span> <span class='ocrx_word' id='word_1_10' title='bbox 1434 596 1466 653; x_wconf 91' lang='lat' dir='ltr'><strong>et</strong></span> 
     </span>
     <span class='ocr_line' id='line_1_3' title="bbox 335 691 1363 774; baseline -0.007 -11"><span class='ocrx_word' id='word_1_11' title='bbox 335 700 477 763; x_wconf 87' lang='lat' dir='ltr'><strong>Vitellius</strong></span> <span class='ocrx_word' id='word_1_12' title='bbox 491 699 637 760; x_wconf 83' lang='lat' dir='ltr'><strong>utuntur.</strong></span> <span class='ocrx_word' id='word_1_13' title='bbox 652 698 692 760; x_wconf 90' lang='lat' dir='ltr'><strong>ut</strong></span> <span class='ocrx_word' id='word_1_14' title='bbox 706 693 758 757; x_wconf 89' lang='lat' dir='ltr'><strong>ille</strong></span> <span class='ocrx_word' id='word_1_15' title='bbox 769 692 899 774; x_wconf 85' lang='lat' dir='ltr'><strong>quidem</strong></span> <span class='ocrx_word' id='word_1_16' title='bbox 910 692 942 754; x_wconf 93' lang='lat' dir='ltr'><strong>in</strong></span> <span class='ocrx_word' id='word_1_17' title='bbox 955 691 1061 755; x_wconf 85' lang='lat' dir='ltr'><strong>libello</strong></span> <span class='ocrx_word' id='word_1_18' title='bbox 1072 695 1116 756; x_wconf 83' lang='lat' dir='ltr'><strong>Dc</strong></span> <span class='ocrx_word' id='word_1_19' title='bbox 1128 696 1210 756; x_wconf 83' lang='lat' dir='ltr'><strong>muri</strong></span> <span class='ocrx_word' id='word_1_20' title='bbox 1222 701 1250 756; x_wconf 81' lang='lat' dir='ltr'><strong>et</strong></span> <span class='ocrx_word' id='word_1_21' title='bbox 1263 695 1363 758; x_wconf 76' lang='lat' dir='ltr'><strong>luico:</strong></span> 
     </span>
    </p>
   </div>
   <div class='ocr_carea' id='block_1_3' title="bbox 494 860 936 1048">
    <p class='ocr_par' dir='ltr' id='par_1_3' title="bbox 494 860 936 1048">
     <span class='ocr_line' id='line_1_4' title="bbox 494 860 834 925; baseline -0.009 0"><span class='ocrx_word' id='word_1_22' title='bbox 494 862 674 925; x_wconf 88' lang='lat' dir='ltr'><strong>Cucurrunt</strong></span> <span class='ocrx_word' id='word_1_23' title='bbox 686 879 752 922; x_wconf 89' lang='lat' dir='ltr'><strong>una</strong></span> <span class='ocrx_word' id='word_1_24' title='bbox 765 860 834 923; x_wconf 87' lang='lat' dir='ltr'><strong>vice</strong></span> 
     </span>
     <span class='ocr_line' id='line_1_5' title="bbox 495 967 936 1048; baseline -0.007 -18"><span class='ocrx_word' id='word_1_25' title='bbox 495 969 615 1030; x_wconf 87' lang='lat' dir='ltr'><strong>altante</strong></span> <span class='ocrx_word' id='word_1_26' title='bbox 628 968 808 1048; x_wconf 87' lang='lat' dir='ltr'><strong>temporum</strong></span> <span class='ocrx_word' id='word_1_27' title='bbox 822 967 936 1047; x_wconf 82' lang='lat' dir='ltr'><strong>gande.</strong></span> 
     </span>
    </p>
   </div>
   <div class='ocr_carea' id='block_1_4' title="bbox 335 1118 1510 1326">
    <p class='ocr_par' dir='ltr' id='par_1_4' title="bbox 335 1118 1510 1326">
     <span class='ocr_line' id='line_1_6' title="bbox 376 1118 1510 1206; baseline -0.001 -2"><span class='ocrx_word' id='word_1_28' title='bbox 376 1145 437 1205; x_wconf 89' lang='lat' dir='ltr'><strong>lste</strong></span> <span class='ocrx_word' id='word_1_29' title='bbox 450 1160 526 1206; x_wconf 88' lang='lat' dir='ltr'><strong>vero</strong></span> <span class='ocrx_word' id='word_1_30' title='bbox 540 1141 574 1205; x_wconf 94' lang='lat' dir='ltr'><strong>in</strong></span> <span class='ocrx_word' id='word_1_31' title='bbox 587 1140 681 1204; x_wconf 89' lang='lat' dir='ltr'><strong>laude</strong></span> <span class='ocrx_word' id='word_1_32' title='bbox 695 1145 856 1204; x_wconf 77' lang='lat' dir='ltr'>Matronae</span> <span class='ocrx_word' id='word_1_33' title='bbox 870 1140 980 1204; x_wconf 87' lang='lat' dir='ltr'><strong>uxoris</strong></span> <span class='ocrx_word' id='word_1_34' title='bbox 994 1157 1072 1204; x_wconf 89' lang='lat' dir='ltr'><strong>suae</strong></span> <span class='ocrx_word' id='word_1_35' title='bbox 1085 1141 1271 1204; x_wconf 84' lang='lat' dir='ltr'><strong>cantatellas</strong></span> <span class='ocrx_word' id='word_1_36' title='bbox 1284 1140 1363 1203; x_wconf 90' lang='lat' dir='ltr'><strong>satis</strong></span> <span class='ocrx_word' id='word_1_37' title='bbox 1376 1139 1466 1203; x_wconf 91' lang='lat' dir='ltr'><strong>intu-</strong></span> <span class='ocrx_word' id='word_1_38' title='bbox 1508 1118 1510 1123; x_wconf 10' lang='grc' dir='ltr'><em>Α</em></span> 
     </span>
     <span class='ocr_line' id='line_1_7' title="bbox 335 1243 799 1326; baseline -0.004 -19"><span class='ocrx_word' id='word_1_39' title='bbox 335 1246 392 1326; x_wconf 73' lang='lat' dir='ltr'><strong>lit,</strong></span> <span class='ocrx_word' id='word_1_40' title='bbox 407 1245 441 1309; x_wconf 93' lang='lat' dir='ltr'><strong>in</strong></span> <span class='ocrx_word' id='word_1_41' title='bbox 454 1244 593 1326; x_wconf 84' lang='lat' dir='ltr'><strong>quadam</strong></span> <span class='ocrx_word' id='word_1_42' title='bbox 606 1243 650 1305; x_wconf 88' lang='lat' dir='ltr'><strong>ita</strong></span> <span class='ocrx_word' id='word_1_43' title='bbox 664 1243 778 1307; x_wconf 88' lang='lat' dir='ltr'><strong>infiens</strong></span> <span class='ocrx_word' id='word_1_44' title='bbox 792 1264 799 1305; x_wconf 75' lang='lat' dir='ltr'><strong>e</strong></span> 
     </span>
    </p>
   </div>
   <div class='ocr_carea' id='block_1_5' title="bbox 494 1409 1228 1593">
    <p class='ocr_par' dir='ltr' id='par_1_5' title="bbox 494 1409 1228 1593">
     <span class='ocr_line' id='line_1_8' title="bbox 494 1409 1167 1489; baseline -0.001 -19"><span class='ocrx_word' id='word_1_45' title='bbox 494 1411 560 1470; x_wconf 88' lang='lat' dir='ltr'><strong>llea</strong></span> <span class='ocrx_word' id='word_1_46' title='bbox 575 1410 734 1488; x_wconf 83' lang='lat' dir='ltr'><strong>Matrona,</strong></span> <span class='ocrx_word' id='word_1_47' title='bbox 750 1410 838 1470; x_wconf 88' lang='lat' dir='ltr'><strong>tuam</strong></span> <span class='ocrx_word' id='word_1_48' title='bbox 850 1409 1024 1488; x_wconf 87' lang='lat' dir='ltr'><strong>amplector</strong></span> <span class='ocrx_word' id='word_1_49' title='bbox 1037 1425 1167 1489; x_wconf 71' lang='lat' dir='ltr'><strong>zonam,</strong></span> 
     </span>
     <span class='ocr_line' id='line_1_9' title="bbox 496 1511 1228 1593; baseline -0.005 -18"><span class='ocrx_word' id='word_1_50' title='bbox 496 1512 587 1575; x_wconf 92' lang='lat' dir='ltr'><strong>nobis</strong></span> <span class='ocrx_word' id='word_1_51' title='bbox 601 1511 706 1574; x_wconf 89' lang='lat' dir='ltr'><strong>anima</strong></span> <span class='ocrx_word' id='word_1_52' title='bbox 721 1530 786 1574; x_wconf 88' lang='lat' dir='ltr'><strong>una</strong></span> <span class='ocrx_word' id='word_1_53' title='bbox 799 1512 910 1574; x_wconf 84' lang='lat' dir='ltr'><strong>haeret</strong></span> <span class='ocrx_word' id='word_1_54' title='bbox 923 1530 1025 1592; x_wconf 85' lang='lat' dir='ltr'><strong>aquae</strong></span> <span class='ocrx_word' id='word_1_55' title='bbox 1038 1515 1163 1576; x_wconf 91' lang='lat' dir='ltr'><strong>arctum</strong></span> <span class='ocrx_word' id='word_1_56' title='bbox 1176 1516 1186 1593; x_wconf 89' lang='lat'>(</span> <span class='ocrx_word' id='word_1_57' title='bbox 1209 1517 1228 1587; x_wconf 88' lang='lat'><strong>).</strong></span> 
     </span>
    </p>
   </div>
   <div class='ocr_carea' id='block_1_6' title="bbox 335 1668 1465 2604">
    <p class='ocr_par' dir='ltr' id='par_1_6' title="bbox 335 1668 1465 2604">
     <span class='ocr_line' id='line_1_10' title="bbox 376 1668 1462 1766; baseline -0.001 -19"><span class='ocrx_word' id='word_1_58' title='bbox 376 1684 452 1747; x_wconf 88' lang='lat' dir='ltr'><strong>llais</strong></span> <span class='ocrx_word' id='word_1_59' title='bbox 467 1668 510 1747; x_wconf 85' lang='lat' dir='ltr'><strong>de</strong></span> <span class='ocrx_word' id='word_1_60' title='bbox 519 1685 698 1747; x_wconf 83' lang='lat' dir='ltr'><strong>nombreux</strong></span> <span class='ocrx_word' id='word_1_61' title='bbox 712 1688 745 1747; x_wconf 90' lang='lat' dir='ltr'><strong>et</strong></span> <span class='ocrx_word' id='word_1_62' title='bbox 758 1684 966 1748; x_wconf 77' lang='lat' dir='ltr'><strong>irrecusahles</strong></span> <span class='ocrx_word' id='word_1_63' title='bbox 979 1684 1199 1766; x_wconf 72' lang='lat' dir='ltr'><strong>temoignages</strong></span> <span class='ocrx_word' id='word_1_64' title='bbox 1212 1703 1295 1749; x_wconf 88' lang='lat' dir='ltr'><strong>nous</strong></span> <span class='ocrx_word' id='word_1_65' title='bbox 1315 1702 1462 1765; x_wconf 90' lang='lat' dir='ltr'><strong>appren-</strong></span> 
     </span>
     <span class='ocr_line' id='line_1_11' title="bbox 335 1789 1463 1873; baseline 0 -20"><span class='ocrx_word' id='word_1_66' title='bbox 335 1795 413 1853; x_wconf 89' lang='lat' dir='ltr'><strong>nent</strong></span> <span class='ocrx_word' id='word_1_67' title='bbox 423 1790 499 1872; x_wconf 88' lang='lat' dir='ltr'><strong>qu&#39;il</strong></span> <span class='ocrx_word' id='word_1_68' title='bbox 513 1807 554 1853; x_wconf 91' lang='lat' dir='ltr'><strong>en</strong></span> <span class='ocrx_word' id='word_1_69' title='bbox 568 1789 696 1853; x_wconf 86' lang='lat' dir='ltr'><strong>existait</strong></span> <span class='ocrx_word' id='word_1_70' title='bbox 709 1809 754 1853; x_wconf 94' lang='lat' dir='ltr'><strong>un</strong></span> <span class='ocrx_word' id='word_1_71' title='bbox 768 1791 871 1870; x_wconf 86' lang='lat' dir='ltr'><strong>grand</strong></span> <span class='ocrx_word' id='word_1_72' title='bbox 882 1793 1035 1873; x_wconf 72' lang='lat' dir='ltr'><strong>nombre,</strong></span> <span class='ocrx_word' id='word_1_73' title='bbox 1055 1810 1135 1855; x_wconf 91' lang='lat' dir='ltr'><strong>nous</strong></span> <span class='ocrx_word' id='word_1_74' title='bbox 1149 1810 1266 1857; x_wconf 89' lang='lat' dir='ltr'><strong>savons</strong></span> <span class='ocrx_word' id='word_1_75' title='bbox 1278 1796 1387 1856; x_wconf 80' lang='lat' dir='ltr'><strong>meme</strong></span> <span class='ocrx_word' id='word_1_76' title='bbox 1401 1810 1463 1872; x_wconf 88' lang='lat' dir='ltr'><strong>par</strong></span> 
     </span>
     <span class='ocr_line' id='line_1_12' title="bbox 338 1894 1465 1978; baseline -0.002 -18"><span class='ocrx_word' id='word_1_77' title='bbox 338 1916 382 1960; x_wconf 93' lang='lat' dir='ltr'><strong>un</strong></span> <span class='ocrx_word' id='word_1_78' title='bbox 400 1914 533 1977; x_wconf 82' lang='lat' dir='ltr'><strong>passage</strong></span> <span class='ocrx_word' id='word_1_79' title='bbox 559 1898 621 1959; x_wconf 82' lang='lat' dir='ltr'><strong>tort</strong></span> <span class='ocrx_word' id='word_1_80' title='bbox 645 1900 785 1959; x_wconf 83' lang='lat' dir='ltr'><strong>curieux&#39;</strong></span> <span class='ocrx_word' id='word_1_81' title='bbox 799 1897 839 1959; x_wconf 92' lang='lat' dir='ltr'><strong>de</strong></span> <span class='ocrx_word' id='word_1_82' title='bbox 861 1894 960 1978; x_wconf 75' lang='lat' dir='ltr'><strong>Beda,</strong></span> <span class='ocrx_word' id='word_1_83' title='bbox 984 1915 1046 1977; x_wconf 86' lang='lat' dir='ltr'><strong>que</strong></span> <span class='ocrx_word' id='word_1_84' title='bbox 1063 1899 1109 1960; x_wconf 89' lang='lat' dir='ltr'><strong>les</strong></span> <span class='ocrx_word' id='word_1_85' title='bbox 1132 1897 1255 1978; x_wconf 79' lang='lat' dir='ltr'><strong>poesies</strong></span> <span class='ocrx_word' id='word_1_86' title='bbox 1277 1896 1465 1978; x_wconf 87' lang='lat' dir='ltr'><strong>populaires</strong></span> 
     </span>
     <span class='ocr_line' id='line_1_13' title="bbox 337 1999 1461 2066; baseline -0.001 -2"><span class='ocrx_word' id='word_1_87' title='bbox 337 2002 465 2066; x_wconf 80' lang='lat' dir='ltr'><strong>avaient</strong></span> <span class='ocrx_word' id='word_1_88' title='bbox 479 1999 534 2065; x_wconf 72' lang='lat' dir='ltr'><strong>des</strong></span> <span class='ocrx_word' id='word_1_89' title='bbox 546 2002 577 2063; x_wconf 86' lang='lat' dir='ltr'><strong>le</strong></span> <span class='ocrx_word' id='word_1_90' title='bbox 589 2005 639 2063; x_wconf 77' lang='lat' dir='ltr'><strong>Vl⁶</strong></span> <span class='ocrx_word' id='word_1_91' title='bbox 653 1999 747 2064; x_wconf 77' lang='lat' dir='ltr'><strong>siecle</strong></span> <span class='ocrx_word' id='word_1_92' title='bbox 760 2019 824 2064; x_wconf 93' lang='lat' dir='ltr'><strong>une</strong></span> <span class='ocrx_word' id='word_1_93' title='bbox 840 2002 1053 2066; x_wconf 82' lang='lat' dir='ltr'><strong>versification</strong></span> <span class='ocrx_word' id='word_1_94' title='bbox 1068 2002 1234 2066; x_wconf 81' lang='lat' dir='ltr'><strong>differente</strong></span> <span class='ocrx_word' id='word_1_95' title='bbox 1257 2003 1314 2065; x_wconf 87' lang='lat' dir='ltr'><strong>des</strong></span> <span class='ocrx_word' id='word_1_96' title='bbox 1336 2007 1461 2066; x_wconf 84' lang='lat' dir='ltr'><strong>autres</strong></span> 
     </span>
     <span class='ocr_line' id='line_1_14' title="bbox 340 2105 1465 2187; baseline 0.003 -23"><span class='ocrx_word' id='word_1_97' title='bbox 340 2132 356 2166; x_wconf 88' lang='lat'>«</span> <span class='ocrx_word' id='word_1_98' title='bbox 372 2108 503 2171; x_wconf 78' lang='lat' dir='ltr'><strong>Videtur</strong></span> <span class='ocrx_word' id='word_1_99' title='bbox 522 2110 631 2169; x_wconf 90' lang='lat' dir='ltr'><strong>autem</strong></span> <span class='ocrx_word' id='word_1_100' title='bbox 651 2107 820 2187; x_wconf 81' lang='lat' dir='ltr'><strong>rhythmus</strong></span> <span class='ocrx_word' id='word_1_101' title='bbox 834 2106 943 2169; x_wconf 89' lang='lat' dir='ltr'><strong>metris</strong></span> <span class='ocrx_word' id='word_1_102' title='bbox 962 2124 1031 2171; x_wconf 88' lang='lat' dir='ltr'><strong>esse</strong></span> <span class='ocrx_word' id='word_1_103' title='bbox 1050 2105 1243 2187; x_wconf 79' lang='lat' dir='ltr'><strong>consimilia,</strong></span> <span class='ocrx_word' id='word_1_104' title='bbox 1267 2123 1349 2185; x_wconf 90' lang='lat' dir='ltr'><strong>quae</strong></span> <span class='ocrx_word' id='word_1_105' title='bbox 1371 2108 1465 2182; x_wconf 66' lang='lat' dir='ltr'><strong>(lisca</strong></span> 
     </span>
     <span class='ocr_line' id='line_1_15' title="bbox 339 2212 1465 2296; baseline 0 -19"><span class='ocrx_word' id='word_1_106' title='bbox 339 2213 527 2296; x_wconf 66' lang='lat' dir='ltr'><strong>consimilis,</strong></span> <span class='ocrx_word' id='word_1_107' title='bbox 550 2212 617 2293; x_wconf 86' lang='lat' dir='ltr'><strong>qui)</strong></span> <span class='ocrx_word' id='word_1_108' title='bbox 638 2215 686 2274; x_wconf 89' lang='lat' dir='ltr'><strong>est</strong></span> <span class='ocrx_word' id='word_1_109' title='bbox 707 2214 877 2285; x_wconf 88' lang='lat' dir='ltr'><strong>verborum</strong></span> <span class='ocrx_word' id='word_1_110' title='bbox 899 2213 1063 2276; x_wconf 89' lang='lat' dir='ltr'><strong>modulata</strong></span> <span class='ocrx_word' id='word_1_111' title='bbox 1084 2213 1288 2296; x_wconf 82' lang='lat' dir='ltr'><strong>compositio,</strong></span> <span class='ocrx_word' id='word_1_112' title='bbox 1307 2232 1376 2277; x_wconf 90' lang='lat' dir='ltr'><strong>non</strong></span> <span class='ocrx_word' id='word_1_113' title='bbox 1400 2232 1465 2277; x_wconf 78' lang='lat' dir='ltr'><strong>me</strong></span> 
     </span>
     <span class='ocr_line' id='line_1_16' title="bbox 339 2316 1464 2399; baseline -0.001 -19"><span class='ocrx_word' id='word_1_114' title='bbox 339 2318 419 2381; x_wconf 93' lang='lat' dir='ltr'><strong>trica</strong></span> <span class='ocrx_word' id='word_1_115' title='bbox 433 2316 556 2380; x_wconf 90' lang='lat' dir='ltr'><strong>ratione</strong></span> <span class='ocrx_word' id='word_1_116' title='bbox 569 2316 627 2378; x_wconf 91' lang='lat' dir='ltr'><strong>sed</strong></span> <span class='ocrx_word' id='word_1_117' title='bbox 644 2334 778 2379; x_wconf 89' lang='lat' dir='ltr'><strong>numero</strong></span> <span class='ocrx_word' id='word_1_118' title='bbox 792 2318 1004 2399; x_wconf 81' lang='lat' dir='ltr'><strong>syllabarum,</strong></span> <span class='ocrx_word' id='word_1_119' title='bbox 1020 2318 1060 2380; x_wconf 92' lang='lat' dir='ltr'><strong>ad</strong></span> <span class='ocrx_word' id='word_1_120' title='bbox 1071 2317 1227 2398; x_wconf 81' lang='lat' dir='ltr'><strong>judicium</strong></span> <span class='ocrx_word' id='word_1_121' title='bbox 1239 2317 1366 2380; x_wconf 90' lang='lat' dir='ltr'><strong>aurium</strong></span> <span class='ocrx_word' id='word_1_122' title='bbox 1380 2336 1464 2381; x_wconf 82' lang='lat' dir='ltr'><strong>exa-</strong></span> 
     </span>
     <span class='ocr_line' id='line_1_17' title="bbox 339 2417 1462 2502; baseline -0.003 -17"><span class='ocrx_word' id='word_1_123' title='bbox 339 2422 471 2502; x_wconf 89' lang='lat' dir='ltr'><strong>minata,</strong></span> <span class='ocrx_word' id='word_1_124' title='bbox 485 2424 522 2483; x_wconf 91' lang='lat' dir='ltr'><strong>ut</strong></span> <span class='ocrx_word' id='word_1_125' title='bbox 535 2423 611 2482; x_wconf 90' lang='lat' dir='ltr'><strong>sunt</strong></span> <span class='ocrx_word' id='word_1_126' title='bbox 623 2419 764 2482; x_wconf 89' lang='lat' dir='ltr'><strong>carmina</strong></span> <span class='ocrx_word' id='word_1_127' title='bbox 777 2421 956 2500; x_wconf 84' lang='lat' dir='ltr'><strong>vulgarium</strong></span> <span class='ocrx_word' id='word_1_128' title='bbox 966 2421 1191 2502; x_wconf 69' lang='lat' dir='ltr'><strong>poetarumlu).</strong></span> <span class='ocrx_word' id='word_1_129' title='bbox 1207 2442 1222 2477; x_wconf 75' lang='lat' dir='ltr'><strong>a</strong></span> <span class='ocrx_word' id='word_1_130' title='bbox 1234 2420 1322 2484; x_wconf 87' lang='lat' dir='ltr'><strong>saint</strong></span> <span class='ocrx_word' id='word_1_131' title='bbox 1335 2417 1462 2484; x_wconf 78' lang='lat' dir='ltr'><strong>Cesaire</strong></span> 
     </span>
     <span class='ocr_line' id='line_1_18' title="bbox 340 2522 1462 2604; baseline -0.002 -16"><span class='ocrx_word' id='word_1_132' title='bbox 340 2525 436 2588; x_wconf 88' lang='lat' dir='ltr'><strong>disait</strong></span> <span class='ocrx_word' id='word_1_133' title='bbox 449 2526 528 2588; x_wconf 92' lang='lat' dir='ltr'><strong>dans</strong></span> <span class='ocrx_word' id='word_1_134' title='bbox 541 2526 571 2587; x_wconf 93' lang='lat' dir='ltr'><strong>la</strong></span> <span class='ocrx_word' id='word_1_135' title='bbox 589 2523 742 2604; x_wconf 76' lang='lat' dir='ltr'><strong>premiere</strong></span> <span class='ocrx_word' id='word_1_136' title='bbox 759 2524 868 2587; x_wconf 77' lang='lat' dir='ltr'><strong>moitie</strong></span> <span class='ocrx_word' id='word_1_137' title='bbox 883 2525 926 2587; x_wconf 91' lang='lat' dir='ltr'><strong>du</strong></span> <span class='ocrx_word' id='word_1_138' title='bbox 939 2529 989 2587; x_wconf 77' lang='lat' dir='ltr'><strong>Vl⁰</strong></span> <span class='ocrx_word' id='word_1_139' title='bbox 1002 2523 1096 2588; x_wconf 76' lang='lat' dir='ltr'><strong>siecle</strong></span> <span class='ocrx_word' id='word_1_140' title='bbox 1109 2552 1117 2586; x_wconf 69' lang='grc' dir='ltr'><strong><em>ε</em></strong></span> <span class='ocrx_word' id='word_1_141' title='bbox 1131 2548 1147 2583; x_wconf 79' lang='lat' dir='ltr'><strong>a</strong></span> <span class='ocrx_word' id='word_1_142' title='bbox 1163 2529 1263 2600; x_wconf 86' lang='lat' dir='ltr'><strong>Quam</strong></span> <span class='ocrx_word' id='word_1_143' title='bbox 1276 2522 1370 2586; x_wconf 91' lang='lat' dir='ltr'><strong>multi</strong></span> <span class='ocrx_word' id='word_1_144' title='bbox 1386 2542 1462 2586; x_wconf 91' lang='lat' dir='ltr'><strong>rus-</strong></span> 
     </span>
    </p>
   </div>
   <div class='ocr_carea' id='block_1_7' title="bbox 337 2625 1461 3123">
    <p class='ocr_par' dir='ltr' id='par_1_7' title="bbox 337 2625 1461 3123">
     <span class='ocr_line' id='line_1_19' title="bbox 339 2625 1461 2711; baseline -0.002 -20"><span class='ocrx_word' id='word_1_145' title='bbox 339 2629 414 2711; x_wconf 85' lang='lat' dir='ltr'><strong>tici,</strong></span> <span class='ocrx_word' id='word_1_146' title='bbox 428 2647 524 2710; x_wconf 85' lang='lat' dir='ltr'><strong>quam</strong></span> <span class='ocrx_word' id='word_1_147' title='bbox 537 2629 656 2689; x_wconf 90' lang='lat' dir='ltr'><strong>multae</strong></span> <span class='ocrx_word' id='word_1_148' title='bbox 670 2626 807 2689; x_wconf 87' lang='lat' dir='ltr'><strong>rusticae</strong></span> <span class='ocrx_word' id='word_1_149' title='bbox 817 2628 965 2691; x_wconf 88' lang='lat' dir='ltr'><strong>mulieres</strong></span> <span class='ocrx_word' id='word_1_150' title='bbox 977 2628 1100 2692; x_wconf 86' lang='lat' dir='ltr'><strong>cantica</strong></span> <span class='ocrx_word' id='word_1_151' title='bbox 1115 2625 1288 2708; x_wconf 88' lang='lat' dir='ltr'><strong>diabolica,</strong></span> <span class='ocrx_word' id='word_1_152' title='bbox 1304 2628 1461 2691; x_wconf 87' lang='lat' dir='ltr'><strong>amatoria</strong></span> 
     </span>
     <span class='ocr_line' id='line_1_20' title="bbox 341 2730 1461 2816; baseline -0.004 -19"><span class='ocrx_word' id='word_1_153' title='bbox 341 2739 373 2797; x_wconf 89' lang='lat' dir='ltr'><strong>et</strong></span> <span class='ocrx_word' id='word_1_154' title='bbox 394 2733 515 2815; x_wconf 88' lang='lat' dir='ltr'><strong>turpia,</strong></span> <span class='ocrx_word' id='word_1_155' title='bbox 538 2750 594 2796; x_wconf 87' lang='lat' dir='ltr'><strong>ore</strong></span> <span class='ocrx_word' id='word_1_156' title='bbox 617 2732 790 2794; x_wconf 86' lang='lat' dir='ltr'><strong>decantant</strong></span> <span class='ocrx_word' id='word_1_157' title='bbox 812 2735 874 2811; x_wconf 88' lang='lat'><strong>(3).</strong></span> <span class='ocrx_word' id='word_1_158' title='bbox 899 2755 913 2789; x_wconf 89' lang='lat'>»</span> <span class='ocrx_word' id='word_1_159' title='bbox 937 2737 984 2796; x_wconf 83' lang='lat' dir='ltr'><strong>En</strong></span> <span class='ocrx_word' id='word_1_160' title='bbox 1007 2740 1085 2816; x_wconf 87' lang='lat'><strong>585,</strong></span> <span class='ocrx_word' id='word_1_161' title='bbox 1114 2733 1178 2795; x_wconf 89' lang='lat' dir='ltr'><strong>lors</strong></span> <span class='ocrx_word' id='word_1_162' title='bbox 1203 2733 1242 2794; x_wconf 91' lang='lat' dir='ltr'><strong>de</strong></span> <span class='ocrx_word' id='word_1_163' title='bbox 1265 2730 1401 2795; x_wconf 81' lang='lat' dir='ltr'><strong>l&#39;entree</strong></span> <span class='ocrx_word' id='word_1_164' title='bbox 1424 2733 1461 2795; x_wconf 90' lang='lat' dir='ltr'><strong>de</strong></span> 
     </span>
     <span class='ocr_line' id='line_1_21' title="bbox 340 2835 1460 2917; baseline -0.001 -17"><span class='ocrx_word' id='word_1_165' title='bbox 340 2839 558 2901; x_wconf 86' lang='lat' dir='ltr'><strong>Guntchramn</strong></span> <span class='ocrx_word' id='word_1_166' title='bbox 576 2836 595 2900; x_wconf 76' lang='lat' dir='ltr'><strong>a</strong></span> <span class='ocrx_word' id='word_1_167' title='bbox 610 2835 740 2899; x_wconf 78' lang='lat' dir='ltr'><strong>Orleans</strong></span> <span class='ocrx_word' id='word_1_168' title='bbox 756 2865 764 2897; x_wconf 67' lang='grc' dir='ltr'><strong>ε</strong></span> <span class='ocrx_word' id='word_1_169' title='bbox 780 2860 795 2895; x_wconf 80' lang='lat' dir='ltr'><strong>a</strong></span> <span class='ocrx_word' id='word_1_170' title='bbox 811 2837 1002 2900; x_wconf 87' lang='lat' dir='ltr'><strong>Processit...</strong></span> <span class='ocrx_word' id='word_1_171' title='bbox 1025 2837 1197 2901; x_wconf 91' lang='lat' dir='ltr'><strong>inobviam</strong></span> <span class='ocrx_word' id='word_1_172' title='bbox 1216 2839 1285 2917; x_wconf 88' lang='lat' dir='ltr'><strong>ejus</strong></span> <span class='ocrx_word' id='word_1_173' title='bbox 1305 2837 1460 2900; x_wconf 90' lang='lat' dir='ltr'><strong>immensa</strong></span> 
     </span>
     <span class='ocr_line' id='line_1_22' title="bbox 337 2938 1458 3023; baseline 0 -20"><span class='ocrx_word' id='word_1_174' title='bbox 337 2941 445 3021; x_wconf 90' lang='lat' dir='ltr'><strong>populi</strong></span> <span class='ocrx_word' id='word_1_175' title='bbox 466 2942 561 3004; x_wconf 87' lang='lat' dir='ltr'><strong>turba</strong></span> <span class='ocrx_word' id='word_1_176' title='bbox 581 2958 655 3004; x_wconf 90' lang='lat' dir='ltr'><strong>cum</strong></span> <span class='ocrx_word' id='word_1_177' title='bbox 677 2938 776 3018; x_wconf 80' lang='lat' dir='ltr'><strong>signis</strong></span> <span class='ocrx_word' id='word_1_178' title='bbox 797 2944 893 3022; x_wconf 88' lang='lat' dir='ltr'><strong>atque</strong></span> <span class='ocrx_word' id='word_1_179' title='bbox 915 2941 1056 3023; x_wconf 78' lang='lat' dir='ltr'><strong>vexillis,</strong></span> <span class='ocrx_word' id='word_1_180' title='bbox 1078 2944 1229 3004; x_wconf 88' lang='lat' dir='ltr'><strong>canentes</strong></span> <span class='ocrx_word' id='word_1_181' title='bbox 1247 2941 1426 3022; x_wconf 78' lang='lat' dir='ltr'><strong>laudes(l).</strong></span> <span class='ocrx_word' id='word_1_182' title='bbox 1445 2963 1458 2997; x_wconf 78' lang='lat' dir='ltr'><strong>r</strong></span> 
     </span>
     <span class='ocr_line' id='line_1_23' title="bbox 338 3041 1460 3123; baseline -0.004 -15"><span class='ocrx_word' id='word_1_183' title='bbox 338 3044 475 3109; x_wconf 87' lang='lat' dir='ltr'><strong>Environ</strong></span> <span class='ocrx_word' id='word_1_184' title='bbox 490 3046 564 3107; x_wconf 89' lang='lat' dir='ltr'><strong>cent</strong></span> <span class='ocrx_word' id='word_1_185' title='bbox 582 3042 752 3123; x_wconf 88' lang='lat' dir='ltr'><strong>cinquante</strong></span> <span class='ocrx_word' id='word_1_186' title='bbox 770 3061 828 3105; x_wconf 92' lang='lat' dir='ltr'><strong>ans</strong></span> <span class='ocrx_word' id='word_1_187' title='bbox 842 3041 951 3123; x_wconf 77' lang='lat' dir='ltr'><strong>apres,</strong></span> <span class='ocrx_word' id='word_1_188' title='bbox 972 3044 1055 3106; x_wconf 91' lang='lat' dir='ltr'><strong>saint</strong></span> <span class='ocrx_word' id='word_1_189' title='bbox 1069 3043 1218 3106; x_wconf 86' lang='lat' dir='ltr'><strong>Bonilace</strong></span> <span class='ocrx_word' id='word_1_190' title='bbox 1235 3044 1284 3105; x_wconf 89' lang='lat' dir='ltr'><strong>lut</strong></span> <span class='ocrx_word' id='word_1_191' title='bbox 1300 3043 1408 3123; x_wconf 77' lang='lat' dir='ltr'><strong>ohlige</strong></span> <span class='ocrx_word' id='word_1_192' title='bbox 1421 3043 1460 3106; x_wconf 89' lang='lat' dir='ltr'><strong>de</strong></span> 
     </span>
    </p>
   </div>
   <div class='ocr_carea' id='block_1_8' title="bbox 339 3289 1460 3537">
    <p class='ocr_par' dir='ltr' id='par_1_8' title="bbox 339 3289 1460 3537">
     <span class='ocr_line' id='line_1_24' title="bbox 367 3289 1460 3351; baseline -0.005 -12"><span class='ocrx_word' id='word_1_193' title='bbox 367 3296 396 3351; x_wconf 85' lang='lat' dir='ltr'><strong>(l)</strong></span> <span class='ocrx_word' id='word_1_194' title='bbox 410 3293 515 3351; x_wconf 76' lang='lat' dir='ltr'><strong>Epitomc</strong></span> <span class='ocrx_word' id='word_1_195' title='bbox 530 3294 580 3348; x_wconf 92' lang='lat' dir='ltr'><strong>lll‚</strong></span> <span class='ocrx_word' id='word_1_196' title='bbox 593 3294 650 3337; x_wconf 83' lang='lat' dir='ltr'><strong>dans</strong></span> <span class='ocrx_word' id='word_1_197' title='bbox 664 3293 696 3338; x_wconf 82' lang='lat' dir='ltr'><strong>ll.</strong></span> <span class='ocrx_word' id='word_1_198' title='bbox 713 3292 771 3346; x_wconf 84' lang='lat' dir='ltr'><strong>hlai,</strong></span> <span class='ocrx_word' id='word_1_199' title='bbox 790 3290 882 3335; x_wconf 73' lang='lat' dir='ltr'><strong>Clusei-</strong></span> <span class='ocrx_word' id='word_1_200' title='bbox 917 3291 946 3334; x_wconf 80' lang='lat' dir='ltr'><strong>de</strong></span> <span class='ocrx_word' id='word_1_201' title='bbox 955 3290 1056 3348; x_wconf 73' lang='lat' dir='ltr'><strong>porhic,</strong></span> <span class='ocrx_word' id='word_1_202' title='bbox 1067 3303 1107 3347; x_wconf 87' lang='lat' dir='ltr'><strong>par</strong></span> <span class='ocrx_word' id='word_1_203' title='bbox 1121 3289 1222 3346; x_wconf 64' lang='lat' dir='ltr'><strong>leveque</strong></span> <span class='ocrx_word' id='word_1_204' title='bbox 1232 3290 1259 3336; x_wconf 88' lang='lat' dir='ltr'><strong>de</strong></span> <span class='ocrx_word' id='word_1_205' title='bbox 1271 3290 1377 3344; x_wconf 79' lang='lat' dir='ltr'><strong>lincoln,</strong></span> <span class='ocrx_word' id='word_1_206' title='bbox 1391 3290 1460 3334; x_wconf 84' lang='lat' dir='ltr'><strong>Gros-</strong></span> 
     </span>
     <span class='ocr_line' id='line_1_25' title="bbox 339 3352 1460 3411; baseline -0.007 -10"><span class='ocrx_word' id='word_1_207' title='bbox 339 3369 419 3401; x_wconf 79' lang='lat' dir='ltr'><strong>corum</strong></span> <span class='ocrx_word' id='word_1_208' title='bbox 432 3360 556 3400; x_wconf 77' lang='lat' dir='ltr'><strong>auctorum</strong></span> <span class='ocrx_word' id='word_1_209' title='bbox 568 3355 716 3411; x_wconf 65' lang='lat' dir='ltr'><strong>fraumenta,</strong></span> <span class='ocrx_word' id='word_1_210' title='bbox 732 3359 747 3398; x_wconf 83' lang='lat' dir='ltr'><strong>t.</strong></span> <span class='ocrx_word' id='word_1_211' title='bbox 761 3355 789 3407; x_wconf 88' lang='lat' dir='ltr'><strong>V,</strong></span> <span class='ocrx_word' id='word_1_212' title='bbox 801 3367 823 3410; x_wconf 88' lang='lat' dir='ltr'><strong>p.</strong></span> <span class='ocrx_word' id='word_1_213' title='bbox 834 3359 881 3397; x_wconf 73' lang='lat'><strong>1¹2.</strong></span> <span class='ocrx_word' id='word_1_214' title='bbox 917 3359 1007 3406; x_wconf 85' lang='lat' dir='ltr'><strong>seteste,</strong></span> <span class='ocrx_word' id='word_1_215' title='bbox 1016 3352 1152 3409; x_wconf 83' lang='lat' dir='ltr'><strong>quellohert</strong></span> <span class='ocrx_word' id='word_1_216' title='bbox 1160 3353 1187 3397; x_wconf 77' lang='lat' dir='ltr'><strong>(le</strong></span> <span class='ocrx_word' id='word_1_217' title='bbox 1197 3354 1286 3396; x_wconf 86' lang='lat' dir='ltr'><strong>Brunne</strong></span> <span class='ocrx_word' id='word_1_218' title='bbox 1294 3352 1387 3408; x_wconf 81' lang='lat' dir='ltr'><strong>(hubert</strong></span> <span class='ocrx_word' id='word_1_219' title='bbox 1395 3353 1460 3398; x_wconf 76' lang='lat' dir='ltr'><strong>Man-</strong></span> 
     </span>
     <span class='ocr_line' id='line_1_26' title="bbox 340 3414 1460 3472; baseline -0.003 -8"><span class='ocrx_word' id='word_1_220' title='bbox 340 3420 445 3466; x_wconf 85' lang='lat' dir='ltr'><strong>llahillon</strong></span> <span class='ocrx_word' id='word_1_221' title='bbox 455 3430 468 3462; x_wconf 87' lang='lat' dir='ltr'><strong>a</strong></span> <span class='ocrx_word' id='word_1_222' title='bbox 479 3418 523 3462; x_wconf 78' lang='lat' dir='ltr'><strong>cite</strong></span> <span class='ocrx_word' id='word_1_223' title='bbox 532 3419 588 3461; x_wconf 84' lang='lat' dir='ltr'><strong>dans</strong></span> <span class='ocrx_word' id='word_1_224' title='bbox 596 3428 636 3461; x_wconf 82' lang='lat' dir='ltr'><strong>son</strong></span> <span class='ocrx_word' id='word_1_225' title='bbox 643 3416 677 3460; x_wconf 82' lang='lat' dir='ltr'><strong>De</strong></span> <span class='ocrx_word' id='word_1_226' title='bbox 684 3429 711 3460; x_wconf 82' lang='lat' dir='ltr'><strong>re</strong></span> <span class='ocrx_word' id='word_1_227' title='bbox 721 3415 881 3472; x_wconf 80' lang='lat' dir='ltr'><strong>diplonruttcu,</strong></span> <span class='ocrx_word' id='word_1_228' title='bbox 918 3417 985 3471; x_wconf 71' lang='lat' dir='ltr'><strong>nyng)</strong></span> <span class='ocrx_word' id='word_1_229' title='bbox 995 3414 1030 3469; x_wconf 78' lang='lat' dir='ltr'><strong>nr,</strong></span> <span class='ocrx_word' id='word_1_230' title='bbox 1043 3427 1094 3459; x_wconf 83' lang='lat' dir='ltr'><strong>vers</strong></span> <span class='ocrx_word' id='word_1_231' title='bbox 1103 3419 1169 3467; x_wconf 71' lang='lat' dir='ltr'><strong>lieu,</strong></span> <span class='ocrx_word' id='word_1_232' title='bbox 1181 3427 1209 3458; x_wconf 92' lang='lat' dir='ltr'><strong>on</strong></span> <span class='ocrx_word' id='word_1_233' title='bbox 1220 3422 1298 3458; x_wconf 80' lang='lat' dir='ltr'><strong>trouve</strong></span> <span class='ocrx_word' id='word_1_234' title='bbox 1309 3414 1460 3461; x_wconf 72' lang='lat' dir='ltr'><strong>meniminus</strong></span> 
     </span>
     <span class='ocr_line' id='line_1_27' title="bbox 339 3476 1283 3537; baseline -0.007 -11"><span class='ocrx_word' id='word_1_235' title='bbox 339 3484 355 3526; x_wconf 95' lang='lat' dir='ltr'><strong>l.</strong></span> <span class='ocrx_word' id='word_1_236' title='bbox 373 3494 410 3536; x_wconf 83' lang='lat' dir='ltr'><strong>iv,</strong></span> <span class='ocrx_word' id='word_1_237' title='bbox 430 3494 450 3537; x_wconf 93' lang='lat' dir='ltr'><strong>p.</strong></span> <span class='ocrx_word' id='word_1_238' title='bbox 465 3484 521 3535; x_wconf 68' lang='lat' dir='ltr'><strong>alh,</strong></span> <span class='ocrx_word' id='word_1_239' title='bbox 540 3480 594 3523; x_wconf 87' lang='lat' dir='ltr'><strong>trois</strong></span> <span class='ocrx_word' id='word_1_240' title='bbox 615 3479 684 3534; x_wconf 77' lang='lat' dir='ltr'><strong>lignes</strong></span> <span class='ocrx_word' id='word_1_241' title='bbox 703 3478 768 3521; x_wconf 85' lang='lat' dir='ltr'><strong>d’une</strong></span> <span class='ocrx_word' id='word_1_242' title='bbox 783 3479 882 3522; x_wconf 89' lang='lat' dir='ltr'><strong>chanson</strong></span> <span class='ocrx_word' id='word_1_243' title='bbox 918 3489 957 3522; x_wconf 86' lang='lat' dir='ltr'><strong>ces</strong></span> <span class='ocrx_word' id='word_1_244' title='bbox 970 3477 1023 3521; x_wconf 84' lang='lat' dir='ltr'><strong>trois</strong></span> <span class='ocrx_word' id='word_1_245' title='bbox 1036 3478 1105 3534; x_wconf 76' lang='lat' dir='ltr'><strong>lignes</strong></span> <span class='ocrx_word' id='word_1_246' title='bbox 1119 3477 1185 3521; x_wconf 89' lang='lat' dir='ltr'><strong>d’une</strong></span> <span class='ocrx_word' id='word_1_247' title='bbox 1197 3476 1283 3521; x_wconf 79' lang='lat' dir='ltr'><strong>nonde:</strong></span> 
     </span>
    </p>
   </div>
   <div class='ocr_carea' id='block_1_9' title="bbox 341 3540 1371 3655">
    <p class='ocr_par' dir='ltr' id='par_1_9' title="bbox 341 3540 1371 3655">
     <span class='ocr_line' id='line_1_28' title="bbox 341 3540 1371 3600; baseline -0.006 -12"><span class='ocrx_word' id='word_1_248' title='bbox 341 3543 507 3600; x_wconf 85' lang='lat' dir='ltr'><strong>prohahlement</strong></span> <span class='ocrx_word' id='word_1_249' title='bbox 518 3554 557 3586; x_wconf 88' lang='lat' dir='ltr'><strong>sur</strong></span> <span class='ocrx_word' id='word_1_250' title='bbox 570 3540 731 3595; x_wconf 79' lang='lat' dir='ltr'><strong>Charlemagne</strong></span> <span class='ocrx_word' id='word_1_251' title='bbox 742 3552 748 3582; x_wconf 79' lang='lat' dir='ltr'><strong><em>z</em></strong></span> <span class='ocrx_word' id='word_1_252' title='bbox 961 3552 1061 3591; x_wconf 68' lang='lat' dir='ltr'><strong>equitabat</strong></span> <span class='ocrx_word' id='word_1_253' title='bbox 1069 3553 1118 3583; x_wconf 67' lang='lat' dir='ltr'><strong>aava</strong></span> <span class='ocrx_word' id='word_1_254' title='bbox 1127 3560 1160 3591; x_wconf 75' lang='lat' dir='ltr'><strong>per</strong></span> <span class='ocrx_word' id='word_1_255' title='bbox 1169 3552 1240 3591; x_wconf 64' lang='lat' dir='ltr'><strong>sylvam</strong></span> <span class='ocrx_word' id='word_1_256' title='bbox 1250 3549 1356 3582; x_wconf 63' lang='lat' dir='ltr'><strong>cananum</strong></span> <span class='ocrx_word' id='word_1_257' title='bbox 1366 3560 1371 3589; x_wconf 83' lang='grc'>;</span> 
     </span>
     <span class='ocr_line' id='line_1_29' title="bbox 451 3595 1364 3655; baseline -0.008 -8"><span class='ocrx_word' id='word_1_258' title='bbox 451 3615 499 3647; x_wconf 65' lang='lat' dir='ltr'><strong>lli-hs</strong></span> <span class='ocrx_word' id='word_1_259' title='bbox 510 3613 613 3655; x_wconf 71' lang='lat' dir='ltr'><strong>aquensia,</strong></span> <span class='ocrx_word' id='word_1_260' title='bbox 627 3613 670 3645; x_wconf 79' lang='lat' dir='ltr'><strong>urba</strong></span> <span class='ocrx_word' id='word_1_261' title='bbox 679 3611 759 3652; x_wconf 78' lang='lat' dir='ltr'><strong>regnlls,</strong></span> <span class='ocrx_word' id='word_1_262' title='bbox 961 3597 1040 3628; x_wconf 54' lang='lat' dir='ltr'><strong>‘mmm</strong></span> <span class='ocrx_word' id='word_1_263' title='bbox 1049 3605 1111 3629; x_wconf 60' lang='lat' dir='ltr'><strong>mum</strong></span> <span class='ocrx_word' id='word_1_264' title='bbox 1120 3596 1248 3635; x_wconf 53' lang='lat' dir='ltr'><strong>mmmm</strong></span> <span class='ocrx_word' id='word_1_265' title='bbox 1257 3595 1364 3627; x_wconf 55' lang='lat' dir='ltr'><em>&#39;mmm‘</em></span> 
     </span>
    </p>
   </div>
   <div class='ocr_carea' id='block_1_10' title="bbox 452 3640 1276 3699">
    <p class='ocr_par' dir='ltr' id='par_1_10' title="bbox 452 3640 1276 3699">
     <span class='ocr_line' id='line_1_30' title="bbox 452 3640 1276 3699; baseline -0.018 -12"><span class='ocrx_word' id='word_1_266' title='bbox 452 3659 504 3692; x_wconf 62' lang='lat' dir='ltr'><strong>sede.</strong></span> <span class='ocrx_word' id='word_1_267' title='bbox 513 3659 566 3699; x_wconf 64' lang='lat' dir='ltr'><strong>mgni</strong></span> <span class='ocrx_word' id='word_1_268' title='bbox 577 3658 685 3698; x_wconf 50' lang='lat' dir='ltr'><strong>principun„</strong></span> <span class='ocrx_word' id='word_1_269' title='bbox 694 3681 698 3698; x_wconf 47' lang='grc' dir='ltr'><strong>ι</strong></span> <span class='ocrx_word' id='word_1_270' title='bbox 962 3642 1010 3682; x_wconf 66' lang='lat' dir='ltr'><strong>Quld</strong></span> <span class='ocrx_word' id='word_1_271' title='bbox 1019 3643 1106 3674; x_wconf 72' lang='lat' dir='ltr'><strong>stannus?</strong></span> <span class='ocrx_word' id='word_1_272' title='bbox 1118 3642 1155 3673; x_wconf 79' lang='lat' dir='ltr'><strong>Gus</strong></span> <span class='ocrx_word' id='word_1_273' title='bbox 1164 3650 1202 3673; x_wconf 85' lang='lat' dir='ltr'><strong>uon</strong></span> <span class='ocrx_word' id='word_1_274' title='bbox 1212 3640 1276 3672; x_wconf 77' lang='lat' dir='ltr'><strong>imus?</strong></span> 
     </span>
    </p>
   </div>
   <div class='ocr_carea' id='block_1_11' title="bbox 340 3703 1458 3969">
    <p class='ocr_par' dir='ltr' id='par_1_11' title="bbox 340 3703 1458 3969">
     <span class='ocr_line' id='line_1_31' title="bbox 474 3703 1458 3774; baseline -0.01 -6"><span class='ocrx_word' id='word_1_275' title='bbox 474 3703 672 3744; x_wconf 49' lang='lat' dir='ltr'><strong>”dmmefflmwm&#39;</strong></span> <span class='ocrx_word' id='word_1_276' title='bbox 781 3766 785 3774; x_wconf 32' lang='lat'><strong>⁴</strong></span> <span class='ocrx_word' id='word_1_277' title='bbox 943 3715 972 3771; x_wconf 64' lang='lat' dir='ltr'><strong>(a)</strong></span> <span class='ocrx_word' id='word_1_278' title='bbox 991 3714 1024 3758; x_wconf 78' lang='lat' dir='ltr'><strong>lle</strong></span> <span class='ocrx_word' id='word_1_279' title='bbox 1044 3715 1145 3759; x_wconf 79' lang='lat' dir='ltr'><strong>metrica</strong></span> <span class='ocrx_word' id='word_1_280' title='bbox 1164 3713 1274 3767; x_wconf 72' lang='lat' dir='ltr'><strong>coliem,</strong></span> <span class='ocrx_word' id='word_1_281' title='bbox 1294 3711 1389 3769; x_wconf 79' lang='lat' dir='ltr'><strong>Opera,</strong></span> <span class='ocrx_word' id='word_1_282' title='bbox 1406 3720 1424 3758; x_wconf 81' lang='lat' dir='ltr'><strong>l.</strong></span> <span class='ocrx_word' id='word_1_283' title='bbox 1437 3713 1458 3764; x_wconf 83' lang='grc' dir='ltr'><strong>Ι,</strong></span> 
     </span>
     <span class='ocr_line' id='line_1_32' title="bbox 367 3765 1010 3838; baseline -0.012 -24"><span class='ocrx_word' id='word_1_284' title='bbox 367 3770 533 3824; x_wconf 78' lang='lat' dir='ltr'><strong>L&#39;archeveque</strong></span> <span class='ocrx_word' id='word_1_285' title='bbox 546 3768 574 3812; x_wconf 83' lang='lat' dir='ltr'><strong>de</strong></span> <span class='ocrx_word' id='word_1_286' title='bbox 586 3766 736 3823; x_wconf 73' lang='lat' dir='ltr'><strong>Cantorbtry,</strong></span> <span class='ocrx_word' id='word_1_287' title='bbox 750 3765 845 3838; x_wconf 76' lang='lat' dir='ltr'><strong>litienne</strong></span> <span class='ocrx_word' id='word_1_288' title='bbox 854 3766 881 3810; x_wconf 85' lang='lat' dir='ltr'><strong>dc</strong></span> <span class='ocrx_word' id='word_1_289' title='bbox 918 3779 960 3821; x_wconf 49' lang='grc' dir='ltr'><strong>θοι,</strong></span> <span class='ocrx_word' id='word_1_290' title='bbox 976 3781 1010 3821; x_wconf 60' lang='lat'><strong>⁴1,</strong></span> 
     </span>
     <span class='ocr_line' id='line_1_33' title="bbox 340 3829 1458 3969; baseline -0.02 -30"><span class='ocrx_word' id='word_1_291' title='bbox 340 3829 883 3947; x_wconf 64' lang='lat' dir='ltr'><strong>lhil⁰.ilt⁰tt.,tltllll.”tilithi}</strong></span> <span class='ocrx_word' id='word_1_292' title='bbox 920 3860 1458 3969; x_wconf 42' lang='lat' dir='ltr'><strong>,gamzr.x111,opa.‚p.n‚aa</strong></span> 
     </span>
    </p>
   </div>
   <div class='ocr_carea' id='block_1_12' title="bbox 340 3965 1459 4068">
    <p class='ocr_par' dir='ltr' id='par_1_12' title="bbox 340 3965 1459 4068">
     <span class='ocr_line' id='line_1_34' title="bbox 445 3965 543 3998; baseline 0 0"><span class='ocrx_word' id='word_1_293' title='bbox 445 3968 470 3998; x_wconf 92' lang='lat' dir='ltr'><strong>ur</strong></span> <span class='ocrx_word' id='word_1_294' title='bbox 486 3965 543 3998; x_wconf 78' lang='lat' dir='ltr'><strong>use:</strong></span> 
     </span>
     <span class='ocr_line' id='line_1_35' title="bbox 340 3966 1459 4068; baseline -0.006 -7"><span class='ocrx_word' id='word_1_295' title='bbox 340 3967 380 4001; x_wconf 61' lang='lat' dir='ltr'><em>m</em></span> <span class='ocrx_word' id='word_1_296' title='bbox 392 3968 443 4001; x_wconf 55' lang='lat' dir='ltr'><strong>amo</strong></span> <span class='ocrx_word' id='word_1_297' title='bbox 450 3966 504 4062; x_wconf 58' lang='grc' dir='ltr'><strong>ειὲηι</strong></span> <span class='ocrx_word' id='word_1_298' title='bbox 512 4028 573 4060; x_wconf 77' lang='lat' dir='ltr'><strong>inrum</strong></span> <span class='ocrx_word' id='word_1_299' title='bbox 582 4028 631 4059; x_wconf 67' lang='lat' dir='ltr'><strong>inter</strong></span> <span class='ocrx_word' id='word_1_300' title='bbox 640 4025 716 4065; x_wconf 70' lang='lat' dir='ltr'><strong>spinas,</strong></span> <span class='ocrx_word' id='word_1_301' title='bbox 941 4013 969 4068; x_wconf 82' lang='lat' dir='ltr'><strong>(l)</strong></span> <span class='ocrx_word' id='word_1_302' title='bbox 979 4012 1084 4068; x_wconf 74' lang='lat' dir='ltr'><strong>Gregoire</strong></span> <span class='ocrx_word' id='word_1_303' title='bbox 1093 4010 1121 4056; x_wconf 86' lang='lat' dir='ltr'><strong>de</strong></span> <span class='ocrx_word' id='word_1_304' title='bbox 1130 4013 1210 4065; x_wconf 85' lang='lat' dir='ltr'><strong>Tours,</strong></span> <span class='ocrx_word' id='word_1_305' title='bbox 1221 4008 1459 4055; x_wconf 72' lang='lat' dir='ltr'><strong>Historiceccleeiaa·</strong></span> 
     </span>
    </p>
   </div>
   <div class='ocr_carea' id='block_1_13' title="bbox 368 4071 1458 4191">
    <p class='ocr_par' dir='ltr' id='par_1_13' title="bbox 368 4071 1458 4191">
     <span class='ocr_line' id='line_1_36' title="bbox 450 4071 1458 4130; baseline -0.008 -8"><span class='ocrx_word' id='word_1_306' title='bbox 450 4075 477 4107; x_wconf 75' lang='lat'><strong>⁸¹⁰</strong></span> <span class='ocrx_word' id='word_1_307' title='bbox 488 4073 552 4106; x_wconf 71' lang='lat' dir='ltr'><strong>mima</strong></span> <span class='ocrx_word' id='word_1_308' title='bbox 560 4071 722 4104; x_wconf 51' lang='lat' dir='ltr'><strong>mmmmm·</strong></span> <span class='ocrx_word' id='word_1_309' title='bbox 916 4074 964 4119; x_wconf 82' lang='lat' dir='ltr'><strong>tica</strong></span> <span class='ocrx_word' id='word_1_310' title='bbox 982 4074 1143 4129; x_wconf 75' lang='lat' dir='ltr'><strong>Francorum,</strong></span> <span class='ocrx_word' id='word_1_311' title='bbox 1162 4074 1178 4118; x_wconf 96' lang='lat' dir='ltr'><strong>l.</strong></span> <span class='ocrx_word' id='word_1_312' title='bbox 1201 4085 1256 4128; x_wconf 83' lang='lat' dir='ltr'><strong>rin,</strong></span> <span class='ocrx_word' id='word_1_313' title='bbox 1272 4086 1295 4130; x_wconf 92' lang='lat' dir='ltr'><strong>p.</strong></span> <span class='ocrx_word' id='word_1_314' title='bbox 1311 4078 1365 4128; x_wconf 73' lang='lat' dir='ltr'><strong>sm,</strong></span> <span class='ocrx_word' id='word_1_315' title='bbox 1383 4073 1419 4118; x_wconf 75' lang='lat' dir='ltr'><strong>ed.</strong></span> <span class='ocrx_word' id='word_1_316' title='bbox 1434 4072 1458 4114; x_wconf 85' lang='lat' dir='ltr'><strong>de</strong></span> 
     </span>
     <span class='ocr_line' id='line_1_37' title="bbox 368 4133 1022 4191; baseline -0.006 -7"><span class='ocrx_word' id='word_1_317' title='bbox 368 4142 428 4185; x_wconf 82' lang='lat' dir='ltr'><strong>Dans</strong></span> <span class='ocrx_word' id='word_1_318' title='bbox 443 4140 464 4184; x_wconf 82' lang='lat' dir='ltr'><strong>la</strong></span> <span class='ocrx_word' id='word_1_319' title='bbox 478 4138 604 4183; x_wconf 81' lang='lat' dir='ltr'><strong>traduction</strong></span> <span class='ocrx_word' id='word_1_320' title='bbox 623 4136 723 4191; x_wconf 74' lang='lat' dir='ltr'><strong>anglaise</strong></span> <span class='ocrx_word' id='word_1_321' title='bbox 741 4135 770 4179; x_wconf 84' lang='lat' dir='ltr'><strong>(lu</strong></span> <span class='ocrx_word' id='word_1_322' title='bbox 786 4133 882 4179; x_wconf 73' lang='lat' dir='ltr'><strong>Mcuuel</strong></span> <span class='ocrx_word' id='word_1_323' title='bbox 918 4135 1022 4181; x_wconf 80' lang='lat' dir='ltr'><strong>Ruinart.</strong></span> 
     </span>
    </p>
   </div>
   <div class='ocr_carea' id='block_1_14' title="bbox 0 0 1568 5198">
    <p class='ocr_par' dir='ltr' id='par_1_14' title="bbox 0 0 1568 5198">
     <span class='ocr_line' id='line_1_38' title="bbox 0 0 1568 5198; baseline 0 0"><span class='ocrx_word' id='word_1_324' title='bbox 0 0 1568 5198; x_wconf 95' lang='lat' dir='ltr'><strong> </strong></span> 
     </span>
    </p>
   </div>
  </div>
 </body>
</html>
