3112 5194
816 553 929 613 -alo
944 584 985 594 -

418 678 539 742 litibus
551 675 688 740 assiduis
702 676 862 740 discordia
875 675 1121 755 multiplicatur,

419 787 497 850 dum
507 802 587 866 puer
599 803 618 849 a
630 802 731 866 puero
743 783 865 848 crudeli
877 785 981 847 morte
994 784 1139 845 necatur.

418 899 486 959 Nou
496 893 590 957 latuit
602 909 653 956 res
666 892 727 956 ista
740 892 797 956 diu
807 896 868 972 (l),
882 891 920 954 tit
930 889 1119 969 manifesta3

416 1020 475 1066 rex
486 1004 591 1082 luget,
607 1000 718 1082 regina
728 1000 832 1081 dolet,
845 999 883 1063 tit
895 998 989 1062 curia·
996 1000 1120 1061 moesta
1133 1022 1142 1077 ς

419 1106 559 1171 Vertitur
572 1106 606 1169 iu
615 1108 740 1173 luctum
751 1107 868 1176 domus
876 1107 913 1168 ot
924 1103 1042 1168 vicinia
1055 1102 1157 1183 regis:

415 1214 453 1277 tit
465 1214 590 1277 cunctis
603 1230 738 1276 onerosa
751 1212 811 1293 piis
823 1209 1034 1292 transgressio
1048 1209 1139 1290 legis.

414 1325 503 1385 lunc
514 1320 635 1383 adeunt
646 1336 771 1401 regem,
785 1319 838 1384 oui
852 1318 927 1382 talia
941 1319 1240 1398 verbaloquuntur:

417 1453 433 1489 a
455 1431 576 1510 inelyte
587 1445 663 1510 rex,
675 1429 783 1508 salve3
798 1426 855 1490 tibi
865 1425 972 1490 cuncti
986 1422 1242 1504 compatiuntur,

415 1535 463 1598 Nil
472 1537 566 1615 J‘uvat
579 1533 791 1615 exstinctum,
801 1533 828 1596 si
837 1530 980 1597 victurus
992 1530 1165 1612 moriatur,

414 1643 472 1706 sed
487 1645 596 1705 tamen
610 1642 693 1705 atoli
707 1644 793 1705 laeto
805 1642 897 1705 decet
910 1643 947 1704 ut
960 1642 1130 1704 caveatur:

413 1753 566 1813 Praesens
580 1766 718 1830 namque
727 1749 848 1811 malum
861 1747 977 1811 suadet
988 1749 1124 1811 ventura
1137 1743 1240 1807 timeri

413 1859 446 1919 et
458 1858 569 1919 mouet
582 1873 601 1918 a
614 1854 708 1918 simili
718 1855 834 1918 merito
848 1855 965 1918 debere
978 1853 1094 1918 caveri.

412 1963 531 2027 Pilatus
542 1963 659 2026 meruit
671 1965 825 2044 mortem,
838 1962 895 2025 sed
905 1960 1132 2040 nemoriatur,

412 2075 547 2134 Romam
560 2069 766 2132 transmissus
780 2070 885 2151 obses,
904 2086 1081 2150 numquam
1095 2067 1280 2131 redimatur.
1297 2090 1313 2123 a

412 2177 560 2242 Praebuit
571 2193 738 2239 assensum
749 2193 808 2239 rex
818 2179 870 2257 et,
883 2193 977 2257 prece
990 2176 1095 2245 vietus
1103 2192 1233 2256 eorum,

410 2282 497 2346 misit
509 2283 544 2345 in
555 2280 685 2345 exilium
698 2281 835 2345 Pilatum
847 2300 938 2345 more
947 2299 1088 2345 reorum.

410 2391 483 2472 Qui,
498 2390 629 2454 veniens
641 2393 787 2470 Romaiu,
801 2407 859 2470 pro
874 2392 1015 2470 ternpore
1027 2406 1174 2470 quaeque
1186 2389 1318 2468 gerebat

413 2499 447 2558 et
457 2498 568 2577 procul
581 2513 600 2559 a
613 2495 715 2576 patria
728 2495 887 2559 contraria
900 2497 1001 2559 multa
1014 2494 1146 2558 terebat

410 2602 585 2681 Anglorum
597 2602 682 2682 regis
696 2605 803 2683 natus,
817 2605 904 2665 reeta
916 2606 962 2679 (2)
974 2602 1110 2683 ratione,

408 2708 502 2770 obses
516 2711 586 2770 erat
597 2711 718 2771 Romae
728 2726 787 2789 pro
800 2725 916 2771 census
927 2708 1126 2789 redditione,

408 2815 465 2878 Cui
479 2833 513 2878 se
524 2820 569 2892 (3)
580 2815 710 2896 Pilatus,
725 2834 792 2879 nou
805 2817 925 2897 absque
936 2816 1023 2897 dole,
1037 2815 1172 2879 sociavit

409 2921 442 2982 et
451 2920 494 2998 (l)
505 2937 652 3002 puerum,
667 2920 751 2984 sicut
759 2923 889 2984 tratrem
902 2921 1076 3002 proprium,
1085 2921 1255 3002 jugulavit.

407 3030 477 3101 Quo
491 3028 576 3091 tacto
589 3027 674 3092 aives
685 3027 861 3109 perturbati
874 3029 1062 3109 doluerunt,

407 3138 441 3198 et
452 3135 582 3217 quidam
591 3135 705 3216 punire
718 3137 809 3199 netas
817 3140 945 3199 mutum
959 3137 1148 3200 voluerunt:

407 3244 575 3305 Decretum
588 3245 696 3305 tamen
709 3243 777 3322 est,
791 3244 907 3305 utnon
919 3240 1147 3322 interficiatur,

407 3364 450 3410 ne
460 3351 550 3427 pater
560 3347 644 3411 illius
654 3353 697 3425 (5)
708 3348 887 3412 conbarius
896 3347 1052 3412 efficiatur

406 3453 559 3534 imperio,
571 3471 768 3535 sensumque
781 3453 851 3516 dari
863 3453 995 3517 solitum
1006 3453 1205 3534 prohiberet,

405 3562 515 3640 utpote
528 3560 594 3642 vir,
608 3561 663 3642 qui
678 3560 818 3624 eonsiliis
831 3560 991 3642 amnisque
1004 3562 1135 3625 valeret.

405 3669 511 3730 lusula
526 3668 655 3747 grandis
665 3672 749 3749 erat,
759 3671 880 3731 Pontus
891 3670 1059 3749 hueusque
1071 3670 1209 3748 vocata,

407 3773 601 3855 incultisque
614 3774 690 3840 viris
701 3780 734 3839 et
747 3776 931 3840 inhumanis
945 3777 1107 3858 habitata,

350 4043 381 4099 (ll
393 4041 445 4087 Diu
457 4055 471 4088 a
485 4043 521 4088 dte
530 4044 587 4088 omis
597 4043 654 4088 duna
665 4048 730 4087 notro
739 4055 783 4087 ms.
929 4045 957 4100 (3)
970 4043 1061 4102 Cuique
1072 4045 1100 4090 ds
1109 4053 1173 4092 notra
1187 4058 1229 4091 ms.
1240 4053 1275 4092 est
1287 4061 1331 4093 une
1343 4048 1402 4092 laute
1412 4045 1437 4090 da

351 4112 380 4167 (a)
393 4113 426 4167 A,
438 4112 488 4158 [tot
501 4111 534 4167 ὓς
546 4115 611 4158 carta
621 4124 651 4157 ou
657 4112 726 4169 iuda
734 4112 791 4158 dans
801 4117 865 4158 notre
902 4106 1014 4156 obtutiti-

324 4183 369 4217 urs.
927 4166 956 4220 (t)
971 4166 1007 4221 A,
1021 4167 1116 4224 Βοιὼ
1133 4171 1329 4215 mdomnotre
1339 4183 1384 4215 ms.

926 4228 954 4283 (⁵)
970 4227 1002 4281 A,
1017 4229 1035 4273 B
1049 4236 1071 4272 at
1085 4229 1119 4283 (ἒς
1134 4231 1214 4287 ipsius
1223 4233 1279 4277 daus
1290 4239 1354 4277 notre
1361 4244 1405 4277 ms.
