3112 5194
777 472 942 527 -972-

580 590 684 661 ¹ovina
697 596 778 676 pelle
792 599 895 659 tectus
907 601 973 676 est,

590 703 644 785 qui
659 705 750 767 ferox
762 705 857 783 lupus
870 704 956 766 intus
969 708 1027 789 est.

592 848 708 926 Captus
721 846 839 907 fatetur
849 863 1016 927 peccasse,

592 955 717 1015 tantum
730 953 833 1015 scelus
846 955 1041 1032 perpettasse
1054 955 1088 1029 (1.
1102 960 1327 1036 perpetrasse),

592 1051 727 1123 mortem
740 1058 865 1122 comitis
878 1062 1047 1141 tractasse,
1141 1058 1145 1067 '

592 1185 666 1230 cum
681 1165 790 1228 debuit
802 1168 986 1229 honorasse.

551 1300 557 1315 '
592 1303 723 1363 Oresuo
737 1299 953 1381 convincitur,

592 1407 633 1468 ad
646 1410 838 1469 tormentum
851 1406 1036 1485 deducitur,

592 1513 638 1576 sic
651 1513 684 1575 in
696 1514 796 1576 altum
808 1513 1029 1593 suspenditur,

592 1620 679 1701 quod
692 1620 810 1683 meruit
822 1620 1011 1700 assequitur.

592 1758 692 1819 Intrat
704 1772 781 1835 ergo
794 1760 863 1818 Rex
873 1755 1067 1834 Flandriam,

587 1864 761 1925 'cohortem
770 1878 926 1942 quaereus
937 1861 1076 1942 impiam,

594 1969 633 2031 de
646 1968 696 2031 his
707 1985 763 2049 per
775 1967 829 2030 Dei
844 1967 979 2047 gratiam

592 2077 777 2154 expleturus
789 2074 955 2154 justitiam.

592 2207 684 2271 Venit
696 2211 836 2288 potestas
850 2208 955 2288 regia,

591 2313 746 2376 machinis
757 2314 853 2377 vallat
865 2313 990 2376 moenia
1001 2360 1009 2392 ,

592 2419 778 2501 aggreditur
790 2420 905 2500 palatia

516 2556 519 2563 »
591 2529 794 2608 quibuslatet
807 2544 886 2606 gens
899 2526 1004 2606 impia.

591 2661 743 2741 Utrinque
756 2661 874 2722 bellum
888 2659 1025 2740 geritur,

591 2767 692 2830 hostis
703 2768 828 2829 hostem
842 2767 1046 2850 aggreditur,
1086 2809 1089 2814 -

591 2875 671 2936 alter
683 2871 831 2936 mucione
843 2873 877 2948 (Ι.
893 2877 1057 2951 mucrone)
1077 2877 1235 2958 caeditur,

590 2982 670 3042 alter
676 2981 784 3059 jaculo
793 2978 912 3059 figitur.

589 3113 658 3177 Istis
671 3114 727 3176 dat
739 3113 822 3178 vires
835 3113 968 3192 caritura,

589 3220 649 3283 illis
663 3219 777 3283 crescit
791 3218 953 3299 debilitas3

588 3328 637 3390 his
651 3327 792 3390 animum
806 3327 861 3389 dat
871 3328 1031 3408 aequitas,

587 3434 648 3497 illis
663 3434 745 3496 tollit
757 3433 916 3513 iniquitas.

586 3567 663 3648 Qui,
677 3566 789 3645 privati
803 3566 951 3647 consiliu,

588 3674 757 3752 desperant
769 3673 809 3734 de
823 3673 958 3755 auxilio,

588 3782 677 3842 tantu
690 3797 748 3859 pro
763 3778 935 3842 homicidio

587 3886 655 3949 dari
670 3886 782 3949 timent
796 3885 903 3948 exitio.

587 4023 687 4100 Caput
698 4021 794 4100 hujus
806 4019 982 4101 nequitiae,

588 4127 705 4189 nullius
720 4126 852 4203 dignum
863 4125 990 4207 veniae,
