3112 5194
582 501 745 557 -323—

146 617 199 679 Vir
211 618 272 680 luit
285 620 523 699 astrolog[ol]us
533 625 587 700 qui
602 622 685 686 dona
699 622 808 687 relicta
818 628 968 707 removit,

144 742 304 805 omneque
316 729 498 805 portentum
508 728 620 793 Christi
634 747 691 809 per
703 730 807 795 sidere
818 732 924 813 novit,

184 835 341 894 armenus
354 833 455 913 patria
466 882 475 915 ,
487 836 609 916 justus,
625 837 779 899 honestus
789 840 868 899 erat.

144 996 298 1072 Tempore
309 1011 373 1074 quo
384 994 526 1058 Christus
539 996 666 1078 docuit,
680 999 758 1061 tuno
769 1000 902 1079 angelus
913 1000 963 1063 isti

146 1098 227 1161 dixit
242 1127 250 1160 ε
268 1103 355 1162 Dona
368 1100 423 1166 Dei
433 1101 532 1164 redde
545 1120 753 1187 quaecunque
763 1104 884 1185 tulisti,

181 1219 316 1266 munera
330 1222 420 1268 sacra
433 1207 486 1269 Dei
500 1207 710 1269 restituantur
722 1207 751 1268 ei
763 1207 771 1268 !

143 1361 298 1428 Redditur
311 1364 390 1426 haec
405 1365 512 1427 tunica
525 1366 629 1430 brevis
642 1364 675 1426 in
690 1366 790 1429 torma
803 1364 932 1449 puerili,

142 1467 256 1533 ihesus
268 1471 306 1533 ut
318 1469 474 1553 induitur,
486 1472 617 1535 modulo
631 1471 667 1534 fit
682 1472 778 1552 longa
791 1472 889 1554 virili,

181 1573 262 1639 vidit
274 1579 307 1639 et
318 1577 483 1657 obstupuit
495 1595 585 1643 mens
599 1578 781 1643 tremefacta
796 1578 865 1641 viri.

141 1732 293 1795 Denarios
305 1733 436 1813 triginta
449 1737 513 1796 Deo
526 1751 606 1813 quos
620 1733 695 1796 inde
708 1735 868 1813 tulerunt,

141 1839 174 1901 iu
186 1856 298 1919 gazam
310 1840 437 1922 templi,
452 1842 547 1904 ihesu
560 1841 751 1921 mandante,
766 1840 941 1921 dederunt,

176 1963 259 2026 quos
269 1947 383 2009 ludam
393 1947 495 2027 pretio
508 1950 581 2027 post
594 1947 742 2009 habuisse
756 1948 872 2009 ferunt.

140 2104 257 2166 Detulit
270 2104 330 2167 hus
340 2103 437 2167 ludas
447 2104 605 2185 scarioth,
622 2058 705 2167 tacta
716 2121 794 2166 nece
807 2104 918 2167 Christi
931 2154 940 2185 ,

137 2227 219 2289 quos
232 2209 337 2292 reicit,
352 2209 426 2293 quia
439 2210 595 2290 poenituit
605 2227 663 2293 pru
675 2211 778 2273 morte
791 2209 954 2291 magistri,

176 2333 275 2396 seque
286 2334 404 2379 necans
413 2318 527 2398 laqueo
541 2319 652 2381 ventre
661 2320 769 2396 crepat
779 2316 895 2380 medio.

137 2477 225 2538 Tunc
236 2477 271 2541 in
281 2494 394 2557 agrum
407 2475 497 2557 figuli
510 2493 658 2540 nummos
672 2478 720 2538 ter
733 2474 873 2559 quinque
885 2475 1056 2559 dederunt,

134 2579 349 2667 militibusque
357 2583 423 2645 suis
437 2583 570 2646 totidem
583 2600 641 2667 pro
651 2586 742 2663 parte
752 2585 895 2647 tulerunt
903 2590 962 2666 (l),

176 2709 258 2771 quos
270 2690 380 2771 vigiles
389 2691 502 2757 tumuli
513 2693 608 2754 nocte
617 2690 714 2755 luisse
726 2692 843 2755 ierunt.

134 2853 228 2913 Forte
240 2853 353 2932 putas,
364 2853 487 2933 Lector,
500 2850 660 2915 contraria
671 2868 722 2913 me
734 2851 897 2935 posuisse,

137 2958 214 3020 dum
224 2974 373 3039 nummos
386 2956 457 3020 illos
466 2973 508 3019 ex
521 2973 599 3019 auro
611 2955 714 3019 scribo
728 2956 841 3036 fuisse,

171 3084 247 3129 nam
260 3064 351 3128 Liber
360 3063 485 3145 argenti
498 3062 626 3129 nomine
638 3065 727 3144 gesta
742 3062 839 3125 dedit.

129 3232 253 3295 llareus
264 3228 305 3291 oh
316 3229 484 3308 argeutum
496 3224 665 3288 Dominum
674 3223 886 3303 descripserat
895 3227 1053 3307 emptum,

128 3355 196 3400 uon
208 3335 278 3398 auri
290 3334 371 3399 dixit
379 3332 603 3399 nummismata
616 3331 681 3396 sive
695 3332 867 3415 talentum,

168 3441 227 3504 sed
234 3439 309 3505 lieet
321 3440 383 3503 hoc
394 3442 516 3519 taceat,
531 3456 597 3501 non
609 3436 713 3500 minus
725 3437 802 3500 illud
815 3441 893 3501 erat.

126 3595 194 3657 llos
206 3589 267 3653 fuit
280 3589 417 3670 antiquis
426 3587 495 3650 auri
509 3604 626 3651 nomeu
638 3586 761 3652 variare

124 3700 224 3777 atque
232 3713 289 3775 per
297 3697 466 3775 argentum
478 3692 602 3758 diversa
615 3694 741 3756 metalla
754 3711 885 3775 uocare,

164 3803 227 3864 hoc
239 3818 301 3865 usu
314 3817 478 3880 uunquam
488 3801 599 3880 regula
610 3799 712 3879 prisca
724 3802 820 3861 caret.

124 3955 227 4013 Nosce
239 3948 327 4031 quod
340 3951 402 4012 hoc
415 3951 545 4011 sanctus
556 3947 602 4011 sic
615 3947 739 4028 scripsit
751 3949 1028 4036 Bartholomaeus,

111 4179 141 4233 tl)
152 4177 186 4232 B;
201 4177 216 4222 il
231 4189 244 4232 y
259 4188 273 4221 a
287 4176 343 4222 daus
355 4183 418 4222 notre
429 4188 469 4221 ms.
483 4182 505 4221 ct
515 4176 601 4222 densa
615 4191 620 4220 ε
680 4180 770 4214 militibus
779 4190 812 4222 nro
821 4184 872 4223 rane
884 4183 923 4217 suu
933 4186 1045 4231 tonumque
1053 4193 1141 4231 mamni.
