3146 5192
816 459 982 513 -166-

440 598 513 642 narn
526 580 628 643 navali
643 580 762 661 praelio
773 580 904 661 quidam
916 580 1098 661 perierunt,

439 686 613 767 etquidem
628 687 660 749 iu
674 704 801 750 carcere
815 688 936 751 obtrusi
952 689 1092 751 luerunt.

440 837 540 899 Credo
552 836 640 917 quod
652 837 821 917 Gregorius
831 838 886 918 qui
897 837 1004 901 dictus
1016 841 1066 901 est
1079 856 1199 921 nonus,

439 943 500 1007 luit
512 943 706 1024 apostolicus
716 944 775 1025 vir,
791 947 922 1008 sanctus
933 947 966 1008 et
977 946 1098 1025 bonus3

439 1047 496 1111 sed
506 1067 562 1130 per
574 1049 687 1112 mundi
701 1049 828 1114 climata
841 1051 953 1130 strepit
965 1054 1036 1132 ejus
1050 1069 1166 1131 sonus,

438 1157 526 1237 quod
536 1158 578 1220 ad
590 1174 723 1236 guerras
733 1159 838 1220 luerat
848 1175 972 1238 semper
985 1158 1079 1221 nimis
1090 1175 1227 1239 pronus·

441 1309 496 1372 llic
509 1309 548 1371 de
562 1309 628 1371 suis
642 1307 758 1371 linibus
771 1308 877 1388 coegit
891 1308 979 1371 exire
1053 1292 1060 1305 ’

441 1416 605 1498 antiquam
618 1415 823 1479 concordiam
836 1419 869 1477 et
882 1416 957 1480 iecit
969 1417 1057 1479 abire
1070 1443 1078 1498 3

442 1525 525 1586 ultra
535 1524 568 1602 (l.
581 1523 664 1586 intra
672 1524 695 1601 ?)
708 1523 819 1585 mundi
831 1523 946 1586 limites
959 1541 1019 1587 nec
1032 1526 1139 1605 potest
1151 1524 1223 1605 quis
1236 1525 1320 1588 scire

441 1629 496 1691 ubi
508 1646 594 1691 nunc
605 1631 806 1709 permaneat,
821 1631 872 1692 vel
885 1631 998 1692 saltem
1011 1630 1132 1693 audire.

441 1778 494 1841 Vir
506 1785 636 1844 sanctus
648 1781 694 1843 sic
704 1783 843 1861 lecerat,
859 1798 935 1843 nam
947 1781 1198 1862 praedicatores,

440 1906 522 1968 quos
534 1890 682 1952 deberem
694 1888 800 1952 dicere
810 1888 1096 1969 praevaricatores,

443 2013 551 2058 secum
565 2013 688 2076 semper
702 1995 814 2058 habuit
825 1999 858 2058 et
869 1998 993 2058 Fratres
1004 1996 1162 2077 minores,

443 2103 497 2183 qui
511 2120 605 2166 suurn
616 2105 835 2184 perverterant
848 2120 978 2166 sensum
991 2107 1088 2184 atque
1100 2121 1221 2167 mores

443 2253 474 2317 Si
488 2258 572 2334 Papa
585 2272 651 2317 non
664 2254 808 2316 crederet
818 2253 897 2317 istos
910 2256 1128 2336 detractores,

444 2361 564 2424 amicos
579 2360 757 2424 discordiae
770 2362 804 2423 et
815 2360 1045 2443 seminatores,

444 2471 618 2545 Imperator
631 2466 727 2529 hodie
740 2467 824 2529 inter
837 2469 996 2530 amatores

445 2573 556 2635 luisset
568 2572 726 2636 Ecclesiae
739 2577 835 2653 atque
850 2574 1044 2637 defensores.

444 2723 497 2787 lsti
511 2725 537 2787 si
548 2723 735 2805 pontilicum
748 2742 815 2788 non
827 2723 893 2788 sint
905 2725 1080 2806 electores,

444 2830 553 2893 statim
563 2829 748 2911 eligentium
762 2835 838 2894 sunt
850 2831 1095 2911 reprehensores

445 2941 478 3000 et
490 2939 608 3001 electos
621 2940 810 3019 reprobant,
825 2938 971 3019 quamvis
984 2938 1162 3003 sanctiores

446 3046 520 3127 ipsis
533 3046 614 3127 sint,
629 3050 662 3109 et
674 3046 774 3109 literis
787 3046 1022 3110 eminentiores.

446 3198 614 3280 Advocati,
629 3197 744 3262 medici
757 3202 790 3261 et
802 3201 1041 3279 procuratoreS,

446 3307 569 3367 tutores
582 3306 615 3367 et
624 3303 750 3385 iudices
762 3307 838 3367 sunt
848 3306 882 3366 et
894 3307 1077 3384 curatores,

444 3410 615 3475 voluntatis
629 3411 759 3474 ultimae
770 3414 845 3473 sunt
858 3409 1074 3490 ordinatores,

444 3516 773 3595 fide[m]commissarii
784 3520 829 3591 (l)
841 3518 874 3579 et
887 3517 1086 3578 executores.

444 3671 638 3732 Cunctorum
649 3670 873 3732 contractuum
886 3669 963 3729 suut
974 3665 1185 3746 mediatoreS,

446 3776 627 3838 defensores
641 3775 809 3838 eriminum
826 3776 859 3837 et
875 3773 1077 3854 palliatores,

374 4019 402 4075 ll)
423 4018 454 4062 La
475 4016 576 4062 nouvelle
590 4015 673 4060 edition
686 4016 714 4061 de
727 4016 757 4059 du
772 4015 848 4071 Gange
862 4026 891 4058 ne
926 4013 1085 4071 Fidcsrague,
1099 4011 1246 4070 Fideiussor,
1257 4009 1412 4068 receperas,
1431 4010 1476 4056 lii·

347 4080 391 4123 cite
403 4091 447 4136 que
457 4078 703 4129 Fidcicommiuurii,·
715 4077 772 4122 mais
780 4076 892 4133 plusieurs
928 4075 1086 4121 domunculis.

347 4147 424 4186 autres
446 4142 533 4186 derives
555 4146 605 4186 sont
628 4140 710 4185 lorme's
730 4141 757 4184 de
776 4137 891 4191 l’ablatil2:
