3112 5194
808 535 972 594 —etl-
1017 538 1023 547 '

410 659 463 738 Et,
479 656 629 738 prodesse
644 659 756 722 voleus
765 675 803 722 ac
817 660 976 725 delectare
989 662 1165 742 legentem,

411 763 547 827 scribam
561 781 629 827 rem
643 766 782 847 gestam,
797 768 915 831 multos
928 769 1095 849 hucusque
1109 769 1272 833 latentem.

413 874 492 933 Vera
506 868 548 932 sil
561 888 602 932 an
616 871 712 952 falsa,
727 870 806 935 nihil
816 874 859 936 ad
869 891 940 955 me,
955 874 1001 939 sic
1011 878 1218 956 memoratur,

410 976 457 1040 sic
470 979 614 1040 referunt
625 996 755 1061 omues,
770 983 808 1042 ut
817 981 1023 1061 scriptumll)
1038 981 1084 1045 sie
1094 985 1254 1046 teneatur.

413 1082 544 1158 Quodsi
557 1101 642 1165 pars,
657 1087 801 1150 totumve
811 1086 867 1149 tibi
881 1087 990 1150 lictum
1005 1087 1163 1168 videatur,

411 1205 477 1252 uon
491 1190 604 1272 nobis,
620 1193 744 1273 Lector,
759 1196 887 1273 reputes
899 1195 957 1257 sed
967 1194 996 1257 ei
1008 1195 1179 1276 tribuatur,

411 1301 515 1377 Aque
526 1298 678 1362 materiae
688 1299 826 1379 primum
836 1301 977 1367 manavit
989 1301 1097 1382 origo,
1136 1312 1140 1319 ’

411 1422 544 1469 nocuos
558 1406 687 1469 alterius
701 1406 795 1470 debet
809 1410 933 1471 fuscare
947 1408 1072 1489 rubigo.

411 1511 497 1576 Assis
510 1530 603 1595 ergo,
615 1518 698 1577 Deus
711 1515 868 1596 clemens,
883 1515 917 1579 in
930 1518 980 1596 cuj
985 1534 1022 1578 us
1036 1517 1158 1579 bonore

410 1618 547 1681 sumitur
558 1619 620 1683 iste
631 1621 733 1701 labor,
748 1620 905 1701 solitoque
918 1623 990 1686 fave
1002 1620 1080 1683 mibi
1092 1620 1197 1683 morel

473 1727 551 1790 Urbs
566 1725 626 1789 luit
639 1726 793 1808 insiguiS,
808 1730 932 1792 veteres
945 1747 1042 1809 quam
1054 1733 1098 1805 (2)
1111 1728 1327 1807 constituere,

415 1836 568 1912 llogunus
581 1838 678 1914 atque
690 1838 759 1898 Scia
770 1839 831 1915 (3),
848 1836 967 1898 llumeu
978 1835 1148 1927 rivosque,
1165 1835 1280 1898 dedere

412 1943 550 2020 Nomen,
565 1943 599 2002 et
608 1940 683 2003 inde
697 1940 758 2003 luit
770 1940 907 2020 primum
920 1942 1083 2022 moguntia
1098 1942 1182 2004 dicta

413 2046 541 2109 nomine
554 2046 750 2128 composite,
765 2051 891 2111 nonest
905 2049 1037 2113 assertio
1052 2050 1137 2112 ficta.

416 2154 471 2216 llic
485 2154 570 2219 cives
584 2159 707 2219 veteres
721 2158 901 2219 monstrant
912 2173 1040 2218 murum
1050 2157 1203 2220 cecidisse

417 2265 513 2342 atque
525 2263 656 2326 domum
666 2262 751 2343 regis
764 2262 932 2343 perhibent
942 2263 1112 2344 aulamque
1126 2264 1239 2346 luisse,

417 2372 513 2449 Cujus
528 2388 646 2433 nomeu
659 2373 755 2451 AtuS,
769 2370 824 2450 qui
838 2370 929 2451 regni
941 2373 984 2450 (l)
997 2376 1121 2452 sceptra
1137 2374 1266 2435 tenebat

416 2474 477 2537 illis
489 2477 702 2558 temporibus,
718 2494 777 2540 nec
790 2494 914 2540 summa
926 2479 1021 2540 laude
1035 2480 1174 2542 carebat.

410 2587 485 2662 ,lpse
500 2584 551 2646 die
564 2584 722 2664 quadam,
735 2584 829 2647 silvas
841 2586 1042 2666 latebrasque
1056 2588 1197 2650 ferarum

416 2705 490 2750 cum
501 2689 596 2752 sociis
610 2690 750 2771 intrans,
766 2690 922 2753 lustrabat
935 2707 1080 2772 quaeque
1093 2693 1217 2756 viarum

416 2797 559 2860 venandi
573 2797 680 2861 studio
693 2846 701 2879 ,
717 2798 820 2861 donec
833 2800 882 2861 sol
895 2800 957 2862 ima
970 2799 1077 2864 revisit

417 2906 550 2984 atraque
563 2923 631 2968 nox
642 2906 768 2968 coelum
781 2905 878 2968 subiit
892 2907 1061 2986 stellasque
1074 2907 1205 2969 remisit.

420 3014 508 3075 Tunc
520 3011 640 3076 abeunt
652 3012 753 3093 silvis,
768 3013 864 3093 louge
879 3015 986 3075 tamen
998 3013 1076 3074 urbe
1089 3019 1132 3092 (5)
1141 3015 1253 3078 remoti
1267 3041 1278 3096 3

420 3118 516 3182 unius
530 3118 704 3200 hospitium
717 3120 856 3182 subeunt
867 3118 1005 3181 bominis
1018 3118 1075 3181 sibi
1090 3121 1173 3202 noti,
1316 3123 1317 3126 ’

420 3228 458 3289 ut
469 3225 567 3306 largis
580 3225 682 3306 epulis
695 3225 874 3307 Bacchique
888 3226 1011 3306 liquore
1022 3227 1132 3305 repleti

420 3337 558 3413 surgunt
570 3351 588 3394 a
602 3349 732 3414 mensa,
745 3332 819 3396 lacti
835 3351 893 3412 pro
907 3335 1048 3411 tempore
1061 3333 1146 3395 laeti.

419 3446 504 3513 Rex,
519 3444 554 3502 ut
567 3442 664 3504 homo
678 3439 815 3521 sapiens,
830 3439 928 3502 stellis
939 3442 1074 3502 ventura
1086 3439 1235 3521 videbat,

419 3547 616 3627 prospiciens
629 3547 726 3627 igitur
740 3546 786 3609 sic
800 3546 867 3610 visa
884 3545 950 3609 suis
964 3547 1142 3608 referebat:

422 3676 438 3712 u
460 3657 524 3715 Hac
538 3653 571 3715 in
582 3655 678 3715 nocte
687 3652 771 3716 thori
782 3653 808 3715 si
823 3662 896 3721 eum
910 3654 1060 3717 conserte
1071 3652 1239 3734 cubarem,

368 3934 398 3989 (l)
411 3933 446 3987 A;
458 3932 472 3976 il
484 3945 498 3989 y
513 3944 526 3976 a
538 3932 594 3977 dam
604 3938 667 3978 notre
677 3945 721 3978 ms.
732 3945 738 3978 ι
946 3935 975 3991 (ol
989 3934 1007 3978 ll
1018 3946 1032 3990 p
1045 3934 1233 3978 aeffectivemeut
1246 3933 1298 3990 pres
1309 3934 1337 3978 de
1350 3937 1462 3991 llapeuce

364 4014 487 4047 erexeramus
496 4015 591 4056 homlnas3
601 4019 623 4049 ut
632 4016 702 4057 scribo,
712 4015 739 4048 sie
749 4017 845 4055 runcaturi
920 4007 951 4040 ΗΠ
964 3997 1067 4041 fflifflffl
1078 3996 1167 4040 mmm
1177 3996 1230 4050 Me
1245 3996 1352 4041 flumwis
1365 3997 1407 4054 ly,
1417 4009 1460 4053 ‘1¹¹⁰

341 4081 426 4126 druell
440 4085 468 4127 ui
479 4083 582 4127 scribam
593 4089 616 4128 et
624 4085 681 4128 daus
695 4083 712 4129 C
723 4084 758 4127 sic
768 4082 880 4128 scribam.
920 4058 953 4102 ¹⁰⁸
963 4059 1095 4102 ⁶⁰⁰⁰¹¹¹⁹¹¹t⁸
1106 4057 1172 4103 mins
1179 4057 1290 4114 'ppenfflt
1299 4057 1353 4102 οἱα·

368 4167 398 4221 (2)
412 4168 441 4222 C?
454 4169 510 4215 dam
518 4174 583 4216 nom
592 4182 647 4226 ms,
657 4171 740 4216 dam
751 4177 775 4215 a,
785 4170 841 4215 dm
853 4170 877 4218 B,
943 4144 971 4200 (l)
983 4144 1017 4198 A,
1030 4144 1047 4187 B
1062 4149 1085 4187 et
1098 4143 1130 4199 (23
1145 4144 1227 4199 mapali
1241 4143 1296 4187 daus
1309 4149 1375 4186 notre
1389 4155 1431 4187 rus.

342 4223 412 4271 haue.
942 4231 972 4286 (el
989 4231 1021 4284 A,
1034 4231 1052 4273 B
1063 4235 1085 4275 et
1096 4231 1125 4284 03
1138 4233 1193 4275 autc
1202 4229 1258 4274 daus
1269 4235 1333 4274 uotrc
1343 4242 1385 4273 ms.
