3118 5198
599 490 765 545 -221-

350 630 461 676 verum
475 614 604 695 loquor,
625 615 730 678 verius

273 718 416 781 tunditur
429 720 550 783 bonum
560 724 656 801 atque
673 719 796 784 melius.

350 878 396 940 nd
407 880 529 965 'gradus
540 880 693 943 virtutum

311 1002 480 1067 properas,
495 991 532 1048 ut
544 988 592 1050 sel
605 986 648 1048 ad
657 985 838 1066 meridiem,

350 1092 544 1172 paupertatis
557 1096 673 1157 nutum

309 1198 465 1281 sentiens,
479 1218 614 1281 quaeres
626 1203 696 1280 ejus
709 1199 822 1263 faciem
836 1227 844 1259 ι

272 1322 345 1386 cur,
359 1310 498 1369 Fortuna
514 1307 633 1388 vitrea,
648 1306 694 1371 sic
709 1306 832 1395 defieiS,

350 1430 407 1475 cur
419 1413 483 1477 cito
498 1431 564 1476 nen
578 1412 677 1476 efficis

273 1520 357 1597 quod
369 1519 411 1582 sit
424 1520 476 1583 hic
489 1520 522 1582 in
533 1522 605 1583 loce
619 1518 796 1582 pontificis?

349 1680 410 1744 Sed
424 1680 449 1743 si
463 1698 530 1744 non
541 1683 590 1742 est
600 1680 766 1760 princeps,

309 1787 479 1849 cathedrae
492 1786 612 1850 scilicet
624 1785 749 1865 officio,

350 1897 386 1956 ut
398 1896 503 1958 clerus
516 1893 665 1973 deinceps

310 2006 466 2064 memorat
479 1999 609 2081 quando
623 1998 753 2078 electi03

272 2110 318 2169 est
332 2111 454 2171 statura
466 2106 599 2171 caeteris
609 2104 840 2186 praestantior,

350 2216 441 2277 vultu
455 2213 648 2294 elegantior,

273 2322 413 2386 rnoribus
426 2321 551 2385 eunctis
565 2317 784 2383 honorantior.

351 2488 450 2565 Major
462 2501 533 2547 mea
545 2483 657 2562 laude,

312 2594 412 2654 senna
426 2591 491 2655 veri
504 2590 661 2670 hominiS,

349 2700 457 2759 tamen
471 2695 539 2758 sine
550 2696 663 2758 fraude

314 2801 447 2880 gloriam
461 2819 542 2865 cane
554 2801 603 2863 sni
618 2800 775 2863 nominis:

273 2908 359 2971 verbi
374 2908 427 2971 Dei
443 2908 545 2988 gratia
559 2908 595 2971 nt
608 2907 705 2988 ratic,

356 3034 421 3079 nen
433 3018 481 3079 est
495 3014 647 3094 adulatio,

274 3125 359 3186 nunc
373 3123 465 3186 decet
478 3140 551 3186 vere
565 3121 768 3185 collaudati0.

353 3262 432 3326 Huic
445 3263 558 3341 ignoro
572 3279 680 3342 parem

274 3368 397 3434 circiter
410 3387 466 3451 per
477 3370 578 3431 totam
590 3366 800 3449 carinthiam,

352 3476 379 3540 si
392 3477 643 3558 perambularem

273 3587 432 3666 Saxones,
446 3587 584 3646 Francos
598 3586 631 3645 et
643 3582 823 3663 Bavariam,

274 3694 413 3774 Suevos,
429 3690 565 3753 fertilem
578 3689 747 3771 alsatiam,

352 3799 395 3862 ibi
409 3800 505 3863 finem
518 3796 633 3861 faciam
644 3846 652 3879 ,

275 3925 341 3970 non
355 3908 452 3971 hahet
465 3907 567 3970 clerus
582 3906 690 3986 talem,
705 3923 813 3985 quarn.
827 3954 833 3967 .
848 3952 857 3967 .
