3162 5188
612 497 756 552 ...31-

303 629 334 687 te
348 626 493 688 fundavit
503 643 756 707 permansuram,

343 732 400 812 ipsi
414 733 473 795 soli
487 732 638 812 supplice.

302 859 503 917 perscrutare
516 861 549 918 ei
565 856 783 939 interpellare,

302 968 456 1045 quantum
469 964 569 1044 possis
581 965 766 1047 recordere,

340 1071 428 1151 qued
442 1088 605 1150 nunquam
619 1070 762 1150 deficies3

300 1175 397 1237 vestis
409 1175 522 1237 Christi
536 1175 581 1238 sie
595 1175 724 1255 sortita,

300 1296 403 1359 neque
413 1279 510 1342 scisse
522 1296 581 1342 nee
593 1279 770 1358 irrepertite
778 1282 805 1352 (1
813 1282 840 1358 i,

341 1384 401 1446 fuit
412 1383 621 1447 inconsutilis.
670 1376 672 1381 ’

298 1518 385 1589 Quae
398 1514 574 1576 haereticos
584 1516 755 1593 prostravit

299 1623 331 1681 et
353 1617 570 1719 schismaticps
593 1618 771 1701 damnavit,

342 1723 504 1804 vultquod
518 1723 580 1785 seis
591 1724 624 1799 (l.
641 1723 696 1799 sis)
706 1728 874 1805 perpetua3

298 1849 407 1894 muros
425 1836 497 1894 tuos
515 1833 612 1893 sortes
631 1833 722 1914 feeit,

299 1940 441 2023 scutum,
456 1952 543 1997 arma
556 1934 589 1998 in
601 1938 633 1996 te
643 1936 720 2015 jeeit

339 2044 522 2104 sanctorum
535 2040 697 2120 martyrio.

297 2167 326 2230 Si
344 2166 428 2228 fideii
445 2168 477 2227 et
494 2165 608 2228 devota

295 2268 484 2349 supplicabis
503 2272 609 2331 mente
626 2272 711 2349 tote,

334 2373 476 2436 Christus
490 2377 522 2436 te
534 2374 699 2454 exaudiei3

298 2499 363 2543 nen
374 2483 443 2543 vuit
455 2483 589 2543 mortem
600 2483 804 2560 peccaterum
815 2530 823 2561 ,

295 2585 352 2648 sed
365 2589 472 2649 reatus
486 2585 570 2647 delet
582 2585 698 2651 horum

336 2707 408 2752 vere
422 2689 661 2769 poenitentium.

296 2822 410 2882 Omnes
423 2820 477 2900 qui
491 2819 524 2882 in
538 2838 612 2882 eum
621 2819 755 2882 credunt

295 2926 327 2984 et
340 2924 380 2985 ab
394 2923 485 2986 idolis
498 2924 651 2987 recedunt

334 3030 429 3090 erunt
442 3025 496 3088 iiiii
511 3026 628 3088 liberae
641 3030 724 3108 (πῶς

294 3135 451 3215 quotquot
464 3149 539 3194 vero
550 3133 762 3196 Mahometum

293 3241 360 3319 jam
373 3241 536 3302 sectentur
547 3237 753 3305 indiscretum

333 3344 449 3408 delebit
462 3344 693 3406 exterminatio.

292 3477 365 3539 Jesu
378 3475 478 3553 hone,
492 3475 565 3535 lesu
578 3472 645 3554 pie,

291 3596 400 3658 preces
413 3581 538 3645 nostres
551 3576 583 3643 in
598 3579 658 3643 hec
671 3579 722 3642 die

331 3698 413 3762 quas
424 3681 588 3749 fundimus
597 3683 714 3746 exaudi
726 3684 733 3744 !

292 3790 326 3848 tu
340 3785 395 3866 qui
408 3787 515 3866 potes,
530 3788 567 3847 tu
579 3786 633 3866 qui
645 3788 748 3868 vales,

295 3888 493 3952 adversarios
506 3889 598 3952 nohis
612 3890 731 3970 hostes,

332 3999 366 4056 tu
381 3998 530 4075 contere,
549 3998 585 4058 tu
598 3996 769 4076 comprime

130 4163 175 4265 lm
190 4158 355 4207 Probabiement
373 4163 478 4219 partum
500 4162 644 4219 irrepere-cira
659 4165 775 4208 donnereit
794 4178 823 4210 un
840 4166 894 4212 faur
913 4182 964 4216 sene
982 4178 1004 4217 et
1025 4174 1081 4220 deux
1097 4178 1190 4232 syllabas
1204 4183 1233 4226 rie

137 4234 179 4278 rep.
315 4240 317 4243 ·
