3162 5188
832 594 873 606 ..
886 565 923 619 gg
934 592 974 600 ..

346 708 444 775 Oculo
461 706 544 768 male
557 698 686 764 babenti
705 694 833 775 signum
851 687 1031 754 salutiferae
1052 683 1156 748 crucis
1181 680 1348 763 imprimit,
1362 714 1405 725 —-
1418 678 1466 741 si·

386 813 515 891 mulque
529 823 602 871 cum
616 803 752 865 sanitate
764 796 896 879 pristina
910 789 1077 856 confestim
1090 790 1199 850 lumen
1213 783 1328 848 reddit.

346 930 466 1002 Regem
483 934 594 997 regum
614 908 800 990 magnificat
818 919 875 966 rex
893 901 1014 977 laetus3
1036 890 1214 956 —laetitia
1236 892 1377 971 repletur
1399 906 1464 970 po-

407 1026 490 1089 ulus.

347 1046 471 1213 lugenti
485 1127 607 1191 exultat
619 1118 737 1201 gaudio
748 1114 916 1179 universus
935 1109 1085 1186 senatus,
1105 1139 1146 1150 —-
1163 1103 1313 1167 laudatur
1335 1101 1469 1165 leude-

388 1237 488 1316 ricuS,
508 1232 562 1296 nei
583 1242 704 1293 servus.

346 1336 546 1402 Glorificatur
558 1331 598 1393 ab
611 1325 759 1392 omnibus
772 1357 813 1367 -
825 1316 977 1382 mirabilis
988 1315 1021 1376 in
1034 1312 1159 1377 Sanctis
1172 1312 1239 1374 suis
1250 1314 1343 1373 Deus.

347 1442 507 1508 Convocat
528 1434 673 1516 princeps
694 1428 844 1510 primates
866 1419 989 1502 populi,
1012 1453 1052 1463 —
1076 1433 1172 1496 seque
1199 1415 1303 1495 ipsum
1331 1408 1468 1474 accusat

387 1543 475 1626 quod
485 1547 551 1604 tam
563 1538 654 1600 tarde
668 1529 841 1612 inquireret
854 1528 950 1605 atque
963 1518 1164 1601 cognovisset
1177 1517 1282 1579 virum
1296 1515 1362 1578 Dei.

349 1646 596 1730 congratulatur
615 1653 742 1720 quoque
764 1633 803 1695 de
823 1626 1043 1709 magnitudine
1064 1621 1221 1696 miraculi,
1241 1619 1384 1700 -quod
1399 1620 1466 1681 tam

391 1757 484 1823 citius
498 1748 597 1815 sensit
607 1746 758 1810 virtutem
771 1734 965 1818 spiritualis
977 1719 1211 1794 medicamenti.

351 1867 397 1927 lta
415 1863 453 1925 ut
471 1854 590 1921 nullius
607 1845 763 1916 cicatricis
783 1837 932 1919 vestigia,
956 1834 1074 1899 nullius
1087 1832 1232 1914 caliginis
1244 1831 1397 1911 reliquiae
1413 1805 1469 1893 re-

390 1964 573 2041 manerent3
598 1993 638 2003 -
658 1954 715 2018 sed
735 1948 868 2015 clariore
889 1942 1009 2008 lumine
1029 1944 1062 2004 et
1083 1937 1312 2021 perspicaciore
1333 1938 1406 2000 visu
1428 1937 1469 1998 de

391 2072 502 2134 sanato
513 2068 580 2147 jam
593 2061 687 2125 oculo
700 2050 849 2119 luminosi
863 2048 942 2112 radii
960 2047 1165 2124 refulgerent.

350 2171 518 2249 Exts)ultat
528 2164 631 2230 omnis
643 2165 730 2225 aetas
740 2174 797 2239 per
811 2158 914 2218 totum
925 2150 1095 2232 palatium,
1113 2184 1153 2194 —
1173 2165 1238 2209 una
1252 2164 1316 2209 vox
1329 2146 1470 2221 ex(s)u1-

390 2276 520 2343 tationis
541 2275 574 2336 et
595 2262 802 2334 confessionis
815 2262 909 2324 sonat
921 2276 977 2339 per
990 2255 1173 2319 universum
1186 2268 1333 2331 regnum,
1344 2266 1470 2312 -cum

390 2379 598 2455 leudericus,
622 2386 733 2436 servus
747 2364 876 2445 Christi,
900 2398 940 2408 —
962 2357 1171 2424 Teudericum
1191 2371 1300 2432 regem
1326 2350 1468 2415 reddidit

391 2484 532 2553 sanitati.

353 2591 562 2660 Permultum
574 2587 699 2661 tempus
718 2572 875 2640 laboravit
891 2571 924 2634 in
938 2585 1057 2633 vanum
1074 2562 1211 2627 invalida
1228 2578 1344 2624 manus
1365 2560 1472 2623 medi-

393 2713 521 2774 corum3
534 2727 575 2736 -
589 2689 648 2751 iste
667 2697 786 2765 pauper
800 2674 947 2742 clamavit
966 2691 1023 2753 pro
1036 2670 1132 2735 divite
1143 2673 1176 2732 et
1194 2667 1347 2731 Dominus
1364 2684 1470 2730 exau-

394 2804 472 2869 divit
485 2818 569 2864 eum.

355 2912 448 2990 Quod
468 2904 610 2989 potentia
633 2918 699 2963 non
721 2894 821 2960 valuit
846 2891 951 2957 divitis
969 2886 1103 2966 excelsi,
1126 2920 1167 2930 —
1191 2884 1252 2972 boc
1272 2881 1357 2961 apud
1369 2876 1470 2943 Deum

395 3017 495 3084 valuit
507 3012 610 3078 oratio
620 3005 748 3072 humilis
758 3001 848 3084 J'usti.

358 3131 383 3191 0
397 3121 524 3208 quantis
537 3115 713 3183 honoribus
726 3128 784 3173 rex
796 3105 981 3171 sublimaret
995 3137 1035 3148 -
1048 3100 1102 3165 Dei
1115 3115 1260 3178 servum,
1276 3096 1302 3158 si
1316 3092 1430 3159 vellet!

354 3228 490 3308 Quantis
501 3220 688 3289 muneribus
702 3215 854 3294 repleret,
866 3246 908 3255 -
925 3208 951 3271 si
965 3203 1113 3287 cuperet!

357 3337 490 3417 Quantis
507 3327 715 3412 dignitatibus
728 3317 964 3394 remuneraret,
975 3349 1016 3358 -
1027 3311 1053 3374 si
1065 3308 1201 3373 sineret!

358 3445 440 3522 Quid
453 3440 538 3504 enim
552 3435 645 3499 oculo
659 3426 785 3493 carius?
799 3455 839 3468 —
850 3417 933 3494 Quid
944 3417 1048 3478 salute
1057 3412 1186 3476 utilius?

359 3550 441 3627 Quid
450 3546 515 3610 vita
528 3533 704 3618 comparari
718 3529 823 3611 polest
833 3519 1002 3605 pretiosius
1013 3566 1022 3598 ,
1034 3553 1073 3564 —-
1083 3517 1134 3581 vol
1145 3513 1224 3594 quid
1235 3509 1345 3575 haberi
1355 3512 1478 3591 pulcri.

401 3651 514 3715 tudine
526 3640 726 3708 desideratur
740 3630 881 3696 avidius?

360 3753 517 3837 Numquid
531 3748 616 3812 enim
628 3759 694 3806 non
707 3736 845 3801 dedisset
856 3748 913 3812 pro
925 3729 991 3794 vita
1002 3745 1060 3790 sua
1073 3724 1163 3806 regni
1174 3722 1351 3801 dimidium,
1360 3721 1474 3803 -qui,

402 3864 428 3927 si
445 3853 627 3929 moriretur,
641 3840 828 3926 perdidisset
841 3837 963 3899 totum?

362 3970 423 4036 Sed
435 3969 594 4029 humanae
607 3950 711 4015 laudis
719 3982 760 3992 -
769 3947 801 4007 et
809 3940 991 4005 mundanae
999 3935 1214 3999 retributionis
1224 3971 1264 3980 —-
1274 3938 1479 4016 contemptor

304 4148 305 4151 ,
405 4074 503 4158 gratis
517 4070 593 4132 dare
604 4058 717 4125 maluit
729 4091 770 4100 -
780 4051 866 4134 quod
881 4047 979 4128 gratis
991 4045 1122 4125 accepit.

366 4188 465 4262 litque
478 4177 537 4255 vir,
554 4183 690 4249 magnac
703 4155 890 4225 humilitatis
911 4153 1090 4230 studiosus,
1109 4183 1150 4195 -
1163 4166 1237 4210 cum
1255 4149 1326 4227 plus
1344 4150 1482 4213 curabat

405 4303 445 4348 ne
456 4279 540 4357 regis
553 4275 636 4336 esset
646 4267 818 4343 univocus,
833 4296 872 4305 —-
886 4258 930 4321 ait
941 4257 981 4318 ad
995 4271 1068 4316 eum
1081 4252 1208 4315 dicens:
