3146 5192
606 465 760 519 —137—

405 584 456 647 vel
470 583 501 645 in
516 585 622 665 plebe,
637 588 687 649 vel
700 587 734 649 in
747 589 850 665 clero,

402 690 457 750 Vel
473 688 506 751 in
521 689 676 771 claustro,
691 693 740 756 vel
757 693 790 755 in
804 695 894 774 toro;

404 795 458 856 ubi
472 794 550 857 fides
562 795 603 857 sit
617 795 749 877 ignor03

404 896 513 975 Fides,
529 897 640 960 nullibi
655 903 802 979 apparet,

406 1003 493 1062 totus
506 1002 646 1064 mundus
658 1002 720 1065 fide
735 1007 832 1065 earet.

405 1103 499 1166 Filius
512 1122 578 1168 uon
591 1109 698 1168 servat
709 1107 790 1186 patri

407 1209 521 1290 fidern,
542 1227 646 1291 neque
660 1212 757 1273 trater
771 1212 872 1274 fratri.

403 1313 489 1376 Heu!
506 1315 546 1376 de
559 1316 634 1378 sede
648 1333 706 1378 sua
722 1316 786 1378 ruit

404 1418 501 1500 fides,
516 1437 599 1498 quae
612 1423 678 1482 tam
692 1420 783 1483 firma
797 1418 876 1500 fuit,

403 1524 588 1605 Quondam3
609 1529 642 1587 et
654 1543 712 1605 pro
724 1542 761 1587 ea
777 1525 868 1587 dolus

406 1628 580 1708 triumphat
593 1647 648 1709 per
662 1631 772 1692 orbem
784 1632 889 1707 solus,

407 1737 483 1795 Tam
496 1737 644 1814 potenter
657 1737 689 1796 et
703 1736 768 1796 tarn
782 1733 849 1795 dire
923 1786 926 1791 ,

309 1892 311 1896 ,
408 1857 449 1902 ne
462 1840 533 1921 quis
545 1842 646 1921 possit
659 1843 770 1903 eontra
784 1839 840 1901 ire.

406 1945 564 2026 Quidquid
579 1945 671 2010 dolus
679 1946 771 2026 jubet
784 1962 871 2025 esse,

409 2053 471 2114 lroe
484 2050 593 2114 inlerri
606 2056 648 2131 (1)
661 2054 709 2114 est
721 2066 852 2113 neeesse
864 2077 872 2129 3

407 2155 515 2218 Clerus
528 2156 726 2236 populusque
739 2157 826 2216 totus

410 2258 485 2321 dolo
499 2259 643 2339 subjacet
655 2259 799 2322 devotus.

450 2364 546 2426 Dolus
560 2380 690 2445 papum,
710 2361 885 2425 cardinales

411 2474 443 2531 et
457 2469 622 2550 episcopos
635 2471 748 2532 totales

412 2570 504 2651 Regit
517 2573 549 2631 et
561 2569 679 2649 ubique
692 2585 784 2648 reges
797 2596 805 2628 ι

414 2677 505 2740 dolus
519 2678 638 2756 glossat
647 2678 740 2756 jura,
754 2677 850 2754 leges.

413 2784 509 2845 Dolus
522 2780 628 2844 omnia
641 2798 699 2860 pro
715 2784 790 2844 voto

416 2885 555 2967 disponit
566 2885 600 2947 in
614 2886 691 2949 orbe
705 2887 754 2947 tot
777 2930 784 2944 .

413 2992 472 3067 Qui
487 3009 561 3054 curn
575 2990 649 3054 dolo
662 2991 902 3069 conversantur,

416 3097 459 3160 illi
469 3099 544 3159 sunt
557 3095 611 3175 qui
624 3094 842 3175 principantur
853 3120 862 3174 3

416 3200 476 3263 Sed
490 3197 544 3279 qui
559 3197 667 3260 dolum
681 3214 755 3261 vere
769 3196 870 3259 nesoit

289 3331 293 3339 ·
417 3306 467 3365 est
479 3303 622 3382 abjectus
635 3303 667 3363 et
679 3300 820 3380 nlesoit,

418 3406 732 3486 Etvooaturidiota3

419 3530 485 3575 non
498 3514 548 3574 est
561 3510 678 3591 dignus
691 3528 755 3571 una
765 3512 845 3590 jota.

417 3617 549 3683 Praelati
563 3617 768 3680 ecclesiarum

418 3724 537 3786 habent
550 3720 659 3785 dolum
671 3719 762 3785 valde
775 3736 904 3798 earum3

418 3830 496 3889 Nam
508 3843 564 3906 per
577 3826 686 3889 dolum
698 3822 956 3904 praebendantur

422 3935 454 3993 et
466 3932 612 4010 potenter
626 3929 843 3992 dominantur.

182 4144 209 4198 ll)
223 4142 316 4201 inferre
330 4145 386 4191 dau
399 4144 552 4200 llaogeorgus.
