3118 5198
635 493 798 550 453--

194 623 430 702 OLansrance‚
446 624 536 701 pater
550 638 685 700 magne,
705 619 831 700 praesul
845 615 1058 695 honorabilis,

199 730 399 793 orthodoxae
414 728 492 808 legis
503 727 617 791 Christi
631 727 743 790 doctor
757 723 965 803 admirabilis,

193 835 289 915 qui(s)
307 839 340 899 te
353 833 458 916 novit,
475 834 551 897 dum
567 838 598 897 te
612 836 743 914 pensat,
758 850 824 895 non
838 835 887 894 est
900 830 969 892 sine
981 830 1149 909 lacrymis?

194 967 246 1031 Sic
257 968 360 1050 fuisti,
374 968 451 1032 dum
462 967 586 1050 vixisti,
600 968 759 1048 prudens,
775 968 897 1046 bonuS,
912 965 1037 1045 sapiens
1070 1042 1074 1051 q

196 1073 276 1136 etin
290 1076 386 1137 rebus
398 1075 554 1138 universis
568 1074 727 1155 sapienter
740 1072 903 1153 gradiens,

196 1190 230 1243 nt
243 1200 307 1244 non
320 1181 376 1244 tibi
391 1199 499 1262 parem
515 1182 612 1244 habet
624 1181 734 1244 Oriens
748 1181 798 1244 vel
809 1180 972 1243 Occidens.

195 1317 281 1380 „nde
291 1293 364 1396 jure
380 1317 588 1380 contristatur
603 1334 697 1379 omne
711 1333 860 1396 praesens
873 1317 1054 1396 saeculum,

191 1424 367 1504 perdidisse
378 1442 413 1486 se
426 1424 596 1505 deplorans
609 1424 689 1487 lucis
703 1441 780 1485 suae
790 1424 972 1503 speculum,

191 1535 288 1612 atque
301 1548 432 1594 normae
447 1531 639 1594 christianae
652 1547 806 1610 magnum
820 1531 1081 1609 gubernaculum.

190 1664 275 1727 ileu!
291 1664 373 1726 heu!
389 1681 593 1744 properemus
607 1662 702 1725 istum
715 1662 809 1742 llere,
824 1661 922 1741 Socii,

190 1773 283 1850 cujus
297 1788 408 1833 sumus
424 1773 583 1833 amatores
594 1771 665 1849 plus
679 1787 776 1849 quam
790 1786 902 1831 omnes
915 1770 1039 1849 populi,

188 1897 249 1941 nec
262 1883 408 1959 optemus
419 1897 438 1940 a
451 1878 594 1958 singultu
609 1880 735 1956 tempus
750 1876 851 1938 ullum
864 1875 920 1938 otii
934 1876 941 1937 ἔ

187 2015 279 2075 Nulla
294 2013 361 2075 dies
373 2013 423 2076 vel
435 2014 635 2075 momentum
649 2010 718 2073 sine
730 2010 820 2072 luctu
836 2012 997 2091 transeat,

186 2123 295 2183 tantus
308 2137 436 2182 moeror
451 2120 489 2182 de
503 2119 681 2181 Laniranco
693 2135 760 2180 non
775 2118 814 2179 de
827 2116 923 2179 corde
936 2121 1061 2198 pereat3

185 2226 243 2288 sed
253 2244 310 2307 per
322 2227 390 2289 dies
399 2230 432 2289 et
444 2244 501 2306 per
514 2229 648 2307 noctes,
666 2229 702 2286 ut
716 2229 765 2287 est
779 2225 932 2304 dignum,
947 2226 1089 2288 maneat!

190 2359 266 2434 Quis
278 2360 490 2422 Lanirancum
501 2358 588 2421 flebit
602 2358 714 2439 digne,
729 2358 826 2439 mihi,
841 2376 975 2439 quaeso,
995 2359 1107 2437 dicite,

185 2484 282 2545 quem
295 2465 406 2546 sophia
419 2465 609 2546 gubernavit
619 2484 637 2527 a
649 2465 810 2545 primaevo
825 2468 984 2545 tempore,

184 2571 365 2634 divinarum
379 2589 492 2635 causas
504 2574 574 2651 ejus
587 2571 730 2634 condens
741 2589 847 2634 rerum
860 2575 1005 2652 pectore?

183 2706 251 2769 Oh!
268 2725 364 2788 quam
379 2709 512 2788 pulchre
527 2706 694 2787 deputavit
706 2706 764 2768 sibi
780 2707 1014 2785 necessarium,

182 2831 279 2894 quem
292 2817 357 2875 tam
370 2812 462 2876 valde
475 2813 657 2876 venustavit
670 2811 843 2892 disciplinis
857 2813 993 2890 artium(
1015 2816 1043 2893 l,

187 2918 349 2997 sigillatim
362 2936 457 2998 super
471 2922 623 2999 cunctos,
638 2921 759 2998 septem
772 2918 967 2981 liberalium!

185 3057 252 3115 Non
265 3052 298 3114 in
310 3051 435 3132 magnis
446 3069 553 3114 rerum
563 3051 668 3115 causis
683 3051 744 3114 tuit
757 3057 823 3115 tam
833 3052 977 3133 difficile,

185 3159 209 3222 si
224 3178 280 3240 per
292 3177 421 3222 sensum
433 3158 615 3222 meditantis
627 3163 696 3222 erat
710 3178 851 3240 unquam
865 3160 987 3242 scibile,

182 3264 267 3347 quod
280 3269 473 3330 bantrancus
488 3266 671 3346 indagando
685 3285 751 3331 non
767 3269 892 3331 lecisset
905 3269 1010 3332 facile.

183 3397 232 3463 Sic
244 3398 394 3462 nimirum
405 3416 528 3480 semper
542 3403 613 3481 ejus
627 3400 779 3481 vigilabat
791 3400 931 3481 animus,

186 3507 263 3569 utin
278 3508 372 3569 rebus
385 3506 544 3571 universis
557 3512 642 3571 esset
654 3508 863 3590 peritissimus

182 3618 213 3677 et
223 3614 389 3696 quaerenti
404 3613 561 3679 rationem
573 3617 706 3680 reddere
718 3614 980 3696 promptissimus.

184 3748 275 3822 Quod
288 3746 322 3811 in
334 3749 451 3813 scholis
467 3750 544 3813 dum
557 3751 701 3814 studeret
715 3750 899 3813 adolescens
911 3747 1021 3811 didicit

183 3859 349 3918 secuturos
361 3855 576 3920 instructurus
589 3857 707 3937 optime
722 3856 869 3936 retinuit,

166 4093 195 4149 (l)
215 4093 244 4139 Ge
263 4105 315 4138 vers
330 4093 413 4138 semble
433 4105 565 4150 corrompu3
583 4093 680 4149 quoique
716 4104 746 4136 un
758 4104 809 4136 sens
819 4090 922 4148 redemi,
934 4093 947 4137 il
958 4093 1006 4139 taut
1015 4106 1068 4140 sans
1078 4096 1145 4145 doute
1154 4100 1193 4148 lire
1204 4105 1255 4161 qui,

144 4151 269 4199 Venurlare
281 4155 342 4199 n'edl
356 4167 396 4211 pas
410 4155 465 4199 dans
477 4155 496 4199 ln
511 4155 583 4199 bonne
595 4155 679 4198 latinitd
714 4166 742 4198 on
752 4153 892 4210 disciplina,
