<?xml version="1.0" encoding="UTF-8"?>
<!DOCTYPE html PUBLIC "-//W3C//DTD XHTML 1.0 Transitional//EN"
    "http://www.w3.org/TR/xhtml1/DTD/xhtml1-transitional.dtd">
<html xmlns="http://www.w3.org/1999/xhtml" xml:lang="en" lang="en">
 <head>
  <title>
</title>
<meta http-equiv="Content-Type" content="text/html;charset=utf-8" />
  <meta name='ocr-system' content='tesseract 3.04.00' />
  <meta name='ocr-capabilities' content='ocr_page ocr_carea ocr_par ocr_line ocrx_word'/>
</head>
<body>
  <div class='ocr_page' id='page_1' title='image "./posiespopulaire04mrgoog_0293.png"; bbox 0 0 3112 5194; ppageno 0'>
   <div class='ocr_carea' id='block_1_1' title="bbox 567 503 727 558">
    <p class='ocr_par' dir='ltr' id='par_1_1' title="bbox 567 503 727 558">
     <span class='ocr_line' id='line_1_1' title="bbox 567 503 727 558; baseline 0.025 -3"><span class='ocrx_word' id='word_1_1' title='bbox 567 503 727 558; x_wconf 71' lang='lat'>—273—</span> 
     </span>
    </p>
   </div>
   <div class='ocr_carea' id='block_1_2' title="bbox 384 620 789 795">
    <p class='ocr_par' dir='ltr' id='par_1_2' title="bbox 384 620 789 795">
     <span class='ocr_line' id='line_1_2' title="bbox 385 620 789 697; baseline 0.032 -19"><span class='ocrx_word' id='word_1_2' title='bbox 385 635 441 697; x_wconf 89' lang='lat' dir='ltr'>per</span> <span class='ocrx_word' id='word_1_3' title='bbox 452 620 622 686; x_wconf 80' lang='lat' dir='ltr'><strong>fenestram</strong></span> <span class='ocrx_word' id='word_1_4' title='bbox 634 628 789 691; x_wconf 75' lang='lat' dir='ltr'>maceriae</span> 
     </span>
     <span class='ocr_line' id='line_1_3' title="bbox 384 725 698 795; baseline 0.029 -8"><span class='ocrx_word' id='word_1_5' title='bbox 384 725 554 791; x_wconf 84' lang='lat' dir='ltr'>dimittitur</span> <span class='ocrx_word' id='word_1_6' title='bbox 567 732 607 793; x_wconf 82' lang='lat' dir='ltr'>ab</span> <span class='ocrx_word' id='word_1_7' title='bbox 620 733 698 795; x_wconf 83' lang='grc'><strong>3313.</strong></span> 
     </span>
    </p>
   </div>
   <div class='ocr_carea' id='block_1_3' title="bbox 383 850 801 1059">
    <p class='ocr_par' dir='ltr' id='par_1_3' title="bbox 383 850 801 1059">
     <span class='ocr_line' id='line_1_4' title="bbox 383 850 801 952; baseline 0.029 -29"><span class='ocrx_word' id='word_1_8' title='bbox 383 865 464 924; x_wconf 88' lang='lat' dir='ltr'>Dum</span> <span class='ocrx_word' id='word_1_9' title='bbox 479 864 624 944; x_wconf 80' lang='lat' dir='ltr'>desperat</span> <span class='ocrx_word' id='word_1_10' title='bbox 638 868 677 930; x_wconf 92' lang='lat' dir='ltr'>de</span> <span class='ocrx_word' id='word_1_11' title='bbox 687 870 780 933; x_wconf 85' lang='lat' dir='ltr'>venia</span> <span class='ocrx_word' id='word_1_12' title='bbox 789 850 801 952; x_wconf 55' lang='lat'>,¹</span> 
     </span>
     <span class='ocr_line' id='line_1_5' title="bbox 383 974 743 1059; baseline 0.025 -29"><span class='ocrx_word' id='word_1_13' title='bbox 383 974 519 1049; x_wconf 80' lang='lat' dir='ltr'>cogente</span> <span class='ocrx_word' id='word_1_14' title='bbox 532 974 743 1059; x_wconf 81' lang='lat' dir='ltr'>conscientia,</span> 
     </span>
    </p>
   </div>
   <div class='ocr_carea' id='block_1_4' title="bbox 382 1077 921 1252">
    <p class='ocr_par' dir='ltr' id='par_1_4' title="bbox 382 1077 921 1252">
     <span class='ocr_line' id='line_1_6' title="bbox 383 1077 921 1166; baseline 0.026 -30"><span class='ocrx_word' id='word_1_15' title='bbox 383 1077 466 1156; x_wconf 87' lang='lat' dir='ltr'>fugit</span> <span class='ocrx_word' id='word_1_16' title='bbox 478 1096 615 1158; x_wconf 83' lang='lat' dir='ltr'>nequam</span> <span class='ocrx_word' id='word_1_17' title='bbox 628 1099 685 1161; x_wconf 91' lang='lat' dir='ltr'>per</span> <span class='ocrx_word' id='word_1_18' title='bbox 699 1085 804 1166; x_wconf 78' lang='lat' dir='ltr'>devia,</span> <span class='ocrx_word' id='word_1_19' title='bbox 918 1102 921 1115; x_wconf 91' lang='grc'><strong><em>·</em></strong></span> 
     </span>
     <span class='ocr_line' id='line_1_7' title="bbox 382 1184 744 1252; baseline 0.025 -9"><span class='ocrx_word' id='word_1_20' title='bbox 382 1184 494 1246; x_wconf 88' lang='lat' dir='ltr'>mortis</span> <span class='ocrx_word' id='word_1_21' title='bbox 508 1185 623 1249; x_wconf 89' lang='lat' dir='ltr'>timens</span> <span class='ocrx_word' id='word_1_22' title='bbox 637 1189 744 1252; x_wconf 83' lang='lat' dir='ltr'>exitia.</span> 
     </span>
    </p>
   </div>
   <div class='ocr_carea' id='block_1_5' title="bbox 350 1318 816 1721">
    <p class='ocr_par' dir='ltr' id='par_1_5' title="bbox 350 1318 816 1721">
     <span class='ocr_line' id='line_1_8' title="bbox 350 1318 814 1405; baseline 0.026 -29"><span class='ocrx_word' id='word_1_23' title='bbox 350 1334 355 1339; x_wconf 90' lang='lat'><em>·</em></span> <span class='ocrx_word' id='word_1_24' title='bbox 383 1320 450 1378; x_wconf 88' lang='lat' dir='ltr'>Hue</span> <span class='ocrx_word' id='word_1_25' title='bbox 461 1320 494 1380; x_wconf 94' lang='lat' dir='ltr'>et</span> <span class='ocrx_word' id='word_1_26' title='bbox 508 1318 581 1382; x_wconf 86' lang='lat' dir='ltr'>illue</span> <span class='ocrx_word' id='word_1_27' title='bbox 594 1323 814 1405; x_wconf 85' lang='lat' dir='ltr'>progreditur,</span> 
     </span>
     <span class='ocr_line' id='line_1_9' title="bbox 382 1423 786 1513; baseline 0.027 -30"><span class='ocrx_word' id='word_1_28' title='bbox 382 1423 493 1503; x_wconf 82' lang='lat' dir='ltr'>sugere</span> <span class='ocrx_word' id='word_1_29' title='bbox 505 1430 641 1490; x_wconf 88' lang='lat' dir='ltr'>mortem</span> <span class='ocrx_word' id='word_1_30' title='bbox 659 1429 786 1513; x_wconf 72' lang='lat' dir='ltr'>nititur,</span> 
     </span>
     <span class='ocr_line' id='line_1_10' title="bbox 381 1530 756 1598; baseline 0.021 -8"><span class='ocrx_word' id='word_1_31' title='bbox 381 1530 438 1591; x_wconf 91' lang='lat' dir='ltr'>sed</span> <span class='ocrx_word' id='word_1_32' title='bbox 448 1532 546 1595; x_wconf 82' lang='lat' dir='ltr'>latere</span> <span class='ocrx_word' id='word_1_33' title='bbox 560 1552 627 1596; x_wconf 88' lang='lat' dir='ltr'>non</span> <span class='ocrx_word' id='word_1_34' title='bbox 639 1536 756 1598; x_wconf 86' lang='lat' dir='ltr'>fruitur</span> 
     </span>
     <span class='ocr_line' id='line_1_11' title="bbox 381 1636 816 1721; baseline 0.021 -24"><span class='ocrx_word' id='word_1_35' title='bbox 381 1636 435 1717; x_wconf 89' lang='lat' dir='ltr'>qui</span> <span class='ocrx_word' id='word_1_36' title='bbox 447 1638 508 1701; x_wconf 84' lang='lat' dir='ltr'>hoc</span> <span class='ocrx_word' id='word_1_37' title='bbox 521 1641 640 1702; x_wconf 80' lang='lat' dir='ltr'>sceiere</span> <span class='ocrx_word' id='word_1_38' title='bbox 653 1643 816 1721; x_wconf 78' lang='lat' dir='ltr'>premitur.</span> 
     </span>
    </p>
   </div>
   <div class='ocr_carea' id='block_1_6' title="bbox 376 1773 869 2172">
    <p class='ocr_par' dir='ltr' id='par_1_6' title="bbox 376 1773 869 2172">
     <span class='ocr_line' id='line_1_12' title="bbox 379 1773 869 1855; baseline 0.018 -23"><span class='ocrx_word' id='word_1_39' title='bbox 379 1773 580 1851; x_wconf 79' lang='lat' dir='ltr'>compertum</span> <span class='ocrx_word' id='word_1_40' title='bbox 596 1778 645 1836; x_wconf 86' lang='lat' dir='ltr'>est</span> <span class='ocrx_word' id='word_1_41' title='bbox 656 1777 869 1855; x_wconf 83' lang='lat' dir='ltr'>praepositum</span> 
     </span>
     <span class='ocr_line' id='line_1_13' title="bbox 379 1875 765 1960; baseline 0.018 -22"><span class='ocrx_word' id='word_1_42' title='bbox 379 1875 425 1938; x_wconf 88' lang='lat' dir='ltr'>sic</span> <span class='ocrx_word' id='word_1_43' title='bbox 436 1878 572 1942; x_wconf 81' lang='lat' dir='ltr'>latenter</span> <span class='ocrx_word' id='word_1_44' title='bbox 585 1882 765 1960; x_wconf 83' lang='lat' dir='ltr'>expositum</span> 
     </span>
     <span class='ocr_line' id='line_1_14' title="bbox 379 1983 749 2065; baseline 0.024 -21"><span class='ocrx_word' id='word_1_45' title='bbox 379 1983 515 2065; x_wconf 81' lang='lat' dir='ltr'>fugisse,</span> <span class='ocrx_word' id='word_1_46' title='bbox 532 2004 573 2047; x_wconf 90' lang='lat' dir='ltr'>ne</span> <span class='ocrx_word' id='word_1_47' title='bbox 586 1986 749 2052; x_wconf 88' lang='lat' dir='ltr'>interitum</span> 
     </span>
     <span class='ocr_line' id='line_1_15' title="bbox 376 2093 801 2172; baseline 0.019 -19"><span class='ocrx_word' id='word_1_48' title='bbox 376 2093 490 2154; x_wconf 81' lang='lat' dir='ltr'>subeat</span> <span class='ocrx_word' id='word_1_49' title='bbox 500 2097 629 2172; x_wconf 87' lang='lat' dir='ltr'>propter</span> <span class='ocrx_word' id='word_1_50' title='bbox 642 2096 801 2161; x_wconf 91' lang='lat' dir='ltr'>meritum.</span> 
     </span>
    </p>
   </div>
   <div class='ocr_carea' id='block_1_7' title="bbox 877 1828 886 1860">
    <p class='ocr_par' dir='ltr' id='par_1_7' title="bbox 877 1828 886 1860">
     <span class='ocr_line' id='line_1_16' title="bbox 877 1828 886 1860; baseline 0 0"><span class='ocrx_word' id='word_1_51' title='bbox 877 1828 886 1860; x_wconf 79' lang='grc'>1</span> 
     </span>
    </p>
   </div>
   <div class='ocr_carea' id='block_1_8' title="bbox 308 2226 859 2630">
    <p class='ocr_par' dir='ltr' id='par_1_8' title="bbox 377 2226 859 2420">
     <span class='ocr_line' id='line_1_17' title="bbox 377 2226 859 2315; baseline 0.019 -28"><span class='ocrx_word' id='word_1_52' title='bbox 377 2226 495 2289; x_wconf 82' lang='lat' dir='ltr'>Passim</span> <span class='ocrx_word' id='word_1_53' title='bbox 505 2245 561 2306; x_wconf 87' lang='lat' dir='ltr'>per</span> <span class='ocrx_word' id='word_1_54' title='bbox 576 2232 678 2293; x_wconf 79' lang='lat' dir='ltr'>terras</span> <span class='ocrx_word' id='word_1_55' title='bbox 686 2234 859 2315; x_wconf 80' lang='lat' dir='ltr'>quaeritur,</span> 
     </span>
     <span class='ocr_line' id='line_1_18' title="bbox 377 2335 808 2420; baseline 0.012 -24"><span class='ocrx_word' id='word_1_56' title='bbox 377 2335 506 2397; x_wconf 73' lang='lat' dir='ltr'>tandem</span> <span class='ocrx_word' id='word_1_57' title='bbox 518 2339 660 2414; x_wconf 85' lang='lat' dir='ltr'>repertus</span> <span class='ocrx_word' id='word_1_58' title='bbox 674 2338 808 2420; x_wconf 81' lang='lat' dir='ltr'>eapitur,</span> 
     </span>
    </p>

    <p class='ocr_par' dir='ltr' id='par_1_9' title="bbox 308 2441 789 2630">
     <span class='ocr_line' id='line_1_19' title="bbox 308 2441 746 2525; baseline 0.009 -22"><span class='ocrx_word' id='word_1_59' title='bbox 308 2486 310 2489; x_wconf 88' lang='lat'>-</span> <span class='ocrx_word' id='word_1_60' title='bbox 375 2441 586 2521; x_wconf 78' lang='lat' dir='ltr'>adjudicium</span> <span class='ocrx_word' id='word_1_61' title='bbox 599 2443 746 2525; x_wconf 73' lang='lat' dir='ltr'>trahitur,</span> 
     </span>
     <span class='ocr_line' id='line_1_20' title="bbox 375 2548 789 2630; baseline 0.007 -20"><span class='ocrx_word' id='word_1_62' title='bbox 375 2548 463 2628; x_wconf 89' lang='lat' dir='ltr'>quod</span> <span class='ocrx_word' id='word_1_63' title='bbox 474 2549 649 2628; x_wconf 86' lang='lat' dir='ltr'>promeruit</span> <span class='ocrx_word' id='word_1_64' title='bbox 661 2551 789 2630; x_wconf 80' lang='lat' dir='ltr'>patitur.</span> 
     </span>
    </p>
   </div>
   <div class='ocr_carea' id='block_1_9' title="bbox 374 2686 899 3084">
    <p class='ocr_par' dir='ltr' id='par_1_10' title="bbox 374 2686 899 3084">
     <span class='ocr_line' id='line_1_21' title="bbox 374 2686 786 2765; baseline 0.007 -21"><span class='ocrx_word' id='word_1_65' title='bbox 374 2686 523 2746; x_wconf 83' lang='lat' dir='ltr'>Tortores</span> <span class='ocrx_word' id='word_1_66' title='bbox 537 2686 682 2746; x_wconf 81' lang='lat' dir='ltr'>tenentes</span> <span class='ocrx_word' id='word_1_67' title='bbox 695 2702 786 2765; x_wconf 93' lang='lat' dir='ltr'>eum,</span> 
     </span>
     <span class='ocr_line' id='line_1_22' title="bbox 375 2791 818 2873; baseline 0.005 -20"><span class='ocrx_word' id='word_1_68' title='bbox 375 2796 499 2870; x_wconf 87' lang='lat' dir='ltr'>ponunt</span> <span class='ocrx_word' id='word_1_69' title='bbox 512 2791 544 2853; x_wconf 92' lang='lat' dir='ltr'>in</span> <span class='ocrx_word' id='word_1_70' title='bbox 557 2794 638 2854; x_wconf 86' lang='lat' dir='ltr'>eollo</span> <span class='ocrx_word' id='word_1_71' title='bbox 652 2793 818 2873; x_wconf 68' lang='lat' dir='ltr'>laqueum,</span> 
     </span>
     <span class='ocr_line' id='line_1_23' title="bbox 376 2897 899 2979; baseline -0.006 -20"><span class='ocrx_word' id='word_1_72' title='bbox 376 2897 514 2960; x_wconf 81' lang='lat' dir='ltr'>trahitur</span> <span class='ocrx_word' id='word_1_73' title='bbox 525 2898 567 2960; x_wconf 83' lang='lat' dir='ltr'>ad</span> <span class='ocrx_word' id='word_1_74' title='bbox 579 2900 766 2979; x_wconf 82' lang='lat' dir='ltr'>equuleum:</span> <span class='ocrx_word' id='word_1_75' title='bbox 895 2952 899 2956; x_wconf 73' lang='grc'><strong>,</strong></span> 
     </span>
     <span class='ocr_line' id='line_1_24' title="bbox 374 3006 777 3084; baseline 0.002 -18"><span class='ocrx_word' id='word_1_76' title='bbox 374 3006 447 3066; x_wconf 89' lang='grc'><strong>13115</strong></span> <span class='ocrx_word' id='word_1_77' title='bbox 458 3022 560 3084; x_wconf 80' lang='lat' dir='ltr'>poena</span> <span class='ocrx_word' id='word_1_78' title='bbox 575 3006 667 3068; x_wconf 82' lang='lat' dir='ltr'>decet</span> <span class='ocrx_word' id='word_1_79' title='bbox 677 3024 777 3069; x_wconf 89' lang='lat' dir='ltr'>reum.</span> 
     </span>
    </p>
   </div>
   <div class='ocr_carea' id='block_1_10' title="bbox 371 3138 823 3521">
    <p class='ocr_par' dir='ltr' id='par_1_11' title="bbox 371 3138 823 3430">
     <span class='ocr_line' id='line_1_25' title="bbox 374 3138 715 3221; baseline 0.006 -22"><span class='ocrx_word' id='word_1_80' title='bbox 374 3142 409 3199; x_wconf 88' lang='lat' dir='ltr'>ln</span> <span class='ocrx_word' id='word_1_81' title='bbox 421 3140 556 3218; x_wconf 85' lang='lat' dir='ltr'>equuleo</span> <span class='ocrx_word' id='word_1_82' title='bbox 569 3138 715 3221; x_wconf 75' lang='lat' dir='ltr'>ponitur,</span> 
     </span>
     <span class='ocr_line' id='line_1_26' title="bbox 374 3243 823 3327; baseline 0.002 -21"><span class='ocrx_word' id='word_1_83' title='bbox 374 3243 502 3324; x_wconf 81' lang='lat' dir='ltr'>pugnis,</span> <span class='ocrx_word' id='word_1_84' title='bbox 517 3243 654 3307; x_wconf 85' lang='lat' dir='ltr'>fustibus</span> <span class='ocrx_word' id='word_1_85' title='bbox 665 3246 823 3327; x_wconf 67' lang='lat' dir='ltr'>caeditur,</span> 
     </span>
     <span class='ocr_line' id='line_1_27' title="bbox 371 3351 752 3430; baseline 0.005 -18"><span class='ocrx_word' id='word_1_86' title='bbox 371 3368 467 3415; x_wconf 82' lang='lat' dir='ltr'>saeva</span> <span class='ocrx_word' id='word_1_87' title='bbox 480 3351 603 3430; x_wconf 83' lang='lat' dir='ltr'>flagella</span> <span class='ocrx_word' id='word_1_88' title='bbox 617 3351 752 3430; x_wconf 82' lang='lat' dir='ltr'>patitur:</span> 
     </span>
    </p>

    <p class='ocr_par' dir='ltr' id='par_1_12' title="bbox 371 3457 749 3521">
     <span class='ocr_line' id='line_1_28' title="bbox 371 3457 749 3521; baseline 0.003 -2"><span class='ocrx_word' id='word_1_89' title='bbox 371 3457 419 3521; x_wconf 90' lang='grc'>513</span> <span class='ocrx_word' id='word_1_90' title='bbox 431 3457 591 3520; x_wconf 82' lang='lat' dir='ltr'>eruciatus</span> <span class='ocrx_word' id='word_1_91' title='bbox 604 3457 749 3520; x_wconf 89' lang='lat' dir='ltr'>moritur.</span> 
     </span>
    </p>
   </div>
   <div class='ocr_carea' id='block_1_11' title="bbox 370 3594 854 3991">
    <p class='ocr_par' dir='ltr' id='par_1_13' title="bbox 372 3594 854 3885">
     <span class='ocr_line' id='line_1_29' title="bbox 373 3594 854 3673; baseline 0 -19"><span class='ocrx_word' id='word_1_92' title='bbox 373 3594 434 3654; x_wconf 92' lang='lat' dir='ltr'>lste</span> <span class='ocrx_word' id='word_1_93' title='bbox 447 3596 617 3671; x_wconf 81' lang='lat' dir='ltr'>postquam</span> <span class='ocrx_word' id='word_1_94' title='bbox 630 3595 775 3654; x_wconf 89' lang='lat' dir='ltr'>mortuus</span> <span class='ocrx_word' id='word_1_95' title='bbox 789 3598 854 3673; x_wconf 90' lang='lat' dir='ltr'>est,</span> 
     </span>
     <span class='ocr_line' id='line_1_30' title="bbox 372 3699 838 3777; baseline 0.004 -19"><span class='ocrx_word' id='word_1_96' title='bbox 372 3699 513 3777; x_wconf 81' lang='lat' dir='ltr'>patibulo</span> <span class='ocrx_word' id='word_1_97' title='bbox 527 3715 698 3777; x_wconf 87' lang='lat' dir='ltr'>suspensus</span> <span class='ocrx_word' id='word_1_98' title='bbox 711 3701 775 3760; x_wconf 83' lang='lat' dir='ltr'>est:</span> <span class='ocrx_word' id='word_1_99' title='bbox 835 3756 838 3760; x_wconf 84' lang='lat'><em>.</em></span> 
     </span>
     <span class='ocr_line' id='line_1_31' title="bbox 372 3803 765 3885; baseline 0.003 -20"><span class='ocrx_word' id='word_1_100' title='bbox 372 3803 416 3866; x_wconf 88' lang='grc'>113</span> <span class='ocrx_word' id='word_1_101' title='bbox 432 3806 558 3868; x_wconf 79' lang='lat' dir='ltr'>tracturi</span> <span class='ocrx_word' id='word_1_102' title='bbox 572 3806 686 3885; x_wconf 89' lang='lat' dir='ltr'>dignus</span> <span class='ocrx_word' id='word_1_103' title='bbox 700 3807 765 3885; x_wconf 89' lang='lat' dir='ltr'>est,</span> 
     </span>
    </p>

    <p class='ocr_par' dir='ltr' id='par_1_14' title="bbox 370 3910 812 3991">
     <span class='ocr_line' id='line_1_32' title="bbox 370 3910 812 3991; baseline -0.007 -18"><span class='ocrx_word' id='word_1_104' title='bbox 370 3910 426 3990; x_wconf 89' lang='lat' dir='ltr'>qui</span> <span class='ocrx_word' id='word_1_105' title='bbox 438 3912 581 3991; x_wconf 89' lang='lat' dir='ltr'>proditor</span> <span class='ocrx_word' id='word_1_106' title='bbox 591 3913 742 3991; x_wconf 82' lang='lat' dir='ltr'>probatus</span> <span class='ocrx_word' id='word_1_107' title='bbox 755 3915 812 3973; x_wconf 93' lang='lat' dir='ltr'>est.</span> 
     </span>
    </p>
   </div>
   <div class='ocr_carea' id='block_1_12' title="bbox 372 4046 693 4233">
    <p class='ocr_par' dir='ltr' id='par_1_15' title="bbox 372 4046 693 4233">
     <span class='ocr_line' id='line_1_33' title="bbox 372 4046 693 4110; baseline -0.009 0"><span class='ocrx_word' id='word_1_108' title='bbox 372 4047 549 4110; x_wconf 80' lang='lat' dir='ltr'>Redeamus</span> <span class='ocrx_word' id='word_1_109' title='bbox 562 4046 603 4108; x_wconf 83' lang='lat' dir='ltr'>ad</span> <span class='ocrx_word' id='word_1_110' title='bbox 614 4048 693 4109; x_wconf 84' lang='grc'><strong>31135</strong></span> 
     </span>
     <span class='ocr_line' id='line_1_34' title="bbox 373 4153 659 4233; baseline 0 -18"><span class='ocrx_word' id='word_1_111' title='bbox 373 4153 546 4232; x_wconf 80' lang='lat' dir='ltr'>iniquitatis</span> <span class='ocrx_word' id='word_1_112' title='bbox 561 4153 659 4233; x_wconf 76' lang='lat' dir='ltr'>silim,</span> 
     </span>
    </p>
   </div>
   <div class='ocr_carea' id='block_1_13' title="bbox 0 0 1560 5194">
    <p class='ocr_par' dir='ltr' id='par_1_16' title="bbox 0 0 1560 5194">
     <span class='ocr_line' id='line_1_35' title="bbox 0 0 1560 5194; baseline 0 3"><span class='ocrx_word' id='word_1_113' title='bbox 0 0 1560 5194; x_wconf 95' lang='lat' dir='ltr'> </span> 
     </span>
    </p>
   </div>
  </div>
 </body>
</html>
