3118 5198
779 521 944 576 -218-

533 647 636 706 status
648 644 709 706 erit
721 646 860 710 melioris
872 697 880 728 ,

614 747 639 810 si
655 750 808 825 h(ab)ebit
821 752 935 831 gratia.

532 886 616 948 Dixit
628 887 717 951 Prior
730 890 771 952 od
785 891 931 954 roratio

531 992 633 1054 Habes
646 992 743 1055 modo
757 993 831 1057 bibe
844 996 940 1075 setis,

532 1112 596 1158 non
610 1100 659 1159 est
669 1098 789 1161 bonum
803 1100 950 1181 ebriatis,

612 1201 657 1265 ire
667 1206 739 1283 post
752 1205 784 1267 in
799 1206 959 1269 claustrie.
1061 1238 1065 1243 ·

536 1347 622 1407 Unus
625 1391 722 1408 .....
739 1346 779 1411 de
791 1351 969 1429 mojorem,

535 1449 637 1512 bonus
648 1449 749 1513 lector
761 1454 793 1513 et
806 1457 991 1531 cantorum,

534 1554 688 1618 irascetus
700 1557 742 1619 ed
754 1555 899 1622 Priorum

615 1659 696 1723 dixit
709 1659 769 1723 iste
783 1661 857 1724 iolie
871 1690 879 1723 ε

533 1817 638 1897 Prior,
652 1833 710 1879 vos
724 1833 790 1879 non
806 1816 996 1898 intendatis,

532 1922 689 1999 quantum
702 1935 813 1981 sumus
826 1919 996 1999 laboretis,

532 2022 565 2085 in
577 2025 706 2086 eantare
720 2023 752 2085 et
762 2022 895 2103 legatis,

611 2144 668 2207 per
680 2127 740 2190 iste
755 2127 888 2191 iosteiia.

532 2265 558 2325 0
571 2262 699 2325 rebaris
712 2266 745 2326 et
757 2263 883 2345 Priore,

533 2367 612 2430 nihil
626 2367 710 2430 datis
719 2369 760 2431 de
774 2368 916 2450 liquore,

533 2482 599 2528 non
613 2467 662 2528 est
675 2465 765 2529 vobis
779 2466 821 2529 de
829 2467 975 2546 pudore?

612 2572 658 2630 Tu
670 2585 704 2631 es
718 2567 860 2633 avaritia.

530 2711 592 2769 Vos
605 2724 664 2768 nec
677 2704 770 2771 nobis
782 2705 862 2773 nihil
874 2706 975 2788 detis,

529 2827 590 2873 nec
603 2810 755 2873 Abbetem
767 2810 931 2889 parvitatis
941 2860 949 2893 ,

531 2911 608 2975 iecit
620 2913 729 2973 noster
741 2910 872 2981 societis

610 3036 667 3082 sua
681 3020 825 3084 curialia,
856 3045 861 3059 ·

531 3159 590 3231 Qui
604 3161 687 3239 stat,
702 3159 842 3225 videtne
855 3161 994 3241 cedatis,

529 3262 647 3323 multos
660 3262 745 3326 enim
760 3263 799 3326 de
816 3263 964 3343 praelatis

528 3367 604 3426 sunt
616 3365 766 3428 deorsum
780 3365 950 3447 deponatis

607 3468 736 3546 propter
748 3465 888 3533 avaritie.

527 3604 658 3681 Propter
669 3601 774 3666 cordis
787 3602 980 3683 s'triotitetis,

527 3698 602 3771 sunt
615 3709 742 3789 superbi
761 3708 979 3789 descendatis,

526 3813 615 3877 etsie
628 3816 757 3894 propter
768 3813 932 3894 parvioo‘s

603 3922 735 4001 perdere
747 3922 918 4003 magnoin.

524 4063 614 4138 Rogo
627 4063 710 4122 Deus
722 4059 916 4140 majestate,

525 4163 577 4243 qui
594 4181 652 4226 nos
666 4163 741 4227 iecit
753 4167 787 4226 et
800 4163 931 4243 creatis,
