3146 5192
775 406 922 461 ..gg-

414 532 602 611 aequante.
615 532 737 611 ‘aequat
747 531 770 608 l)
782 549 817 594 se
830 530 967 594 Parisios
978 532 1054 594 urbs
1065 531 1312 596 llorobernensis
1322 536 1368 608 (1)

414 634 492 697 dum
504 634 624 698 securis
636 635 749 698 seriem
762 637 941 698 aemulatur
954 634 1057 716 ensis,

415 738 577 820 geminum
589 738 814 820 plrmepucium
828 740 923 804 nullis
934 758 992 821 par
1006 740 1155 821 impensis
1167 741 1226 820 rel!

414 844 475 908 oir!
490 862 586 925 quam
599 844 697 925 gratis
711 849 837 926 gratum
847 849 897 909 est
909 863 1119 927 supernorum
1129 846 1265 910 mensis!

416 983 525 1043 Pastor
536 980 612 1043 dum
624 980 812 1063 percutitur,
826 999 934 1062 sparse
946 984 1022 1044 sunt
1032 983 1064 1061 (l.
1075 999 1220 1063 sparsum
1233 983 1293 1065 est)
1305 982 1416 1062 ovile,

416 1087 454 1148 ut
466 1101 500 1147 se
513 1086 591 1165 luga
603 1084 733 1168 liberet,
748 1086 831 1167 fugit
843 1085 896 1150 hic
909 1089 942 1150 et
954 1086 1027 1167 ille,

417 1188 511 1252 uetus
524 1188 560 1251 fit
573 1188 607 1251 in
619 1191 752 1271 populo,
773 1192 912 1254 clamant
924 1191 1036 1254 flentes
1047 1190 1133 1254 mille
1144 1218 1153 1274 3

417 1296 547 1356 nostrae
560 1296 645 1356 meta
657 1293 738 1357 lucis
751 1297 800 1358 est
811 1296 908 1377 hujus
917 1312 1004 1358 mors
1014 1294 1179 1359 scintillae.

419 1421 497 1483 llala
511 1421 602 1484 malis
611 1423 753 1484 cumulat
764 1425 899 1487 Satanae
911 1425 1052 1505 satelles,

420 1525 573 1605 praesulis
585 1531 658 1607 post
669 1528 846 1608 praesulem
858 1528 983 1592 vellitur
996 1531 1158 1610 suppellex
1169 1528 1212 1610 (3)
1225 1560 1234 1612 3

422 1633 579 1696 thalamos
592 1636 624 1695 et
634 1633 758 1696 stabula
772 1637 899 1697 vastant
910 1633 1105 1716 versipelles,

423 1736 492 1800 cedi
503 1737 623 1818 junctis
635 1737 743 1819 spoliis
755 1736 810 1802 vix
822 1738 928 1802 adhuc
940 1737 1092 1802 imbelles.

424 1864 499 1928 llira
512 1865 599 1928 miris
610 1883 801 1948 persequor,
819 1867 966 1930 manibus
976 1867 1101 1948 piorum

424 1973 595 2051 procurato
607 1973 736 2035 mortuo
748 1989 837 2035 more
849 1976 1065 2056 mortuorum,

425 2094 548 2143 vermes
559 2079 608 2139 tot
620 2076 653 2139 in
664 2077 805 2141 vestibus
817 2076 875 2141 visi
889 2080 965 2140 sunt
974 2094 1140 2158 sagorum,

425 2182 462 2241 ut
475 2177 516 2241 sit
528 2178 642 2242 caedes
655 2179 753 2240 altera
766 2195 891 2241 morsus
903 2181 951 2241 tot
964 2180 1132 2241 tortorum.

427 2310 534 2374 Dicam
546 2307 636 2391 quod'
646 2308 698 2373 lric
711 2308 814 2372 sentio
827 2310 941 2373 dehoc
953 2327 1044 2375 sacro
1057 2328 1136 2374 reoz

428 2415 530 2480 cauda
540 2418 652 2496 juncta
666 2411 760 2493 capiti
773 2431 808 2476 se
821 2412 930 2479 libavit
943 2418 1007 2478 Deo
1020 2418 1083 2497 (l),
1160 2500 1164 2509 .

428 2521 525 2584 finem
538 2520 615 2583 dum
629 2517 766 2599 diffinio,
781 2518 858 2582 dum
870 2537 927 2600 per
938 2518 1036 2586 vitam
1049 2537 1141 2602 meo,

428 2628 550 2707 martyr
562 2626 627 2706 est,
641 2641 692 2686 me
701 2620 824 2706 J‘udico,
839 2642 985 2705 quaeque
997 2643 1070 2705 pars
1083 2624 1117 2688 in
1130 2643 1179 2688 eo.

429 2755 512 2832 Quid
521 2771 608 2817 nuuc
618 2753 702 2835 agis,
718 2757 840 2834 Moyses
851 2753 883 2833 (l.
897 2752 1024 2835 lloysis)
1035 2758 1135 2836 Deus,
1150 2751 1347 2817 Pharaonis?
1407 2731 1410 2739 ¹

429 2861 483 2925 uhi
497 2861 586 2941 virga
599 2858 733 2940 vigilans
744 2877 824 2923 crux
835 2858 1086 2939 cortrleptionis?

430 2986 547 3033 manna
561 2968 587 3031 si
600 2966 782 3049 superfluit,
796 2984 919 3031 vermes
932 2966 1127 3049 interponis,

430 3090 566 3136 mannae
580 3070 667 3153 virga
682 3070 768 3135 socia
783 3089 929 3134 normam
947 3072 1002 3134 dat
1014 3069 1165 3152 patronis.

433 3203 480 3266 ml
491 3202 629 3265 radicem
644 3200 765 3265 arboris
778 3202 898 3263 lerrum
911 3218 976 3264 non
990 3206 1150 3282 appones?

399 3342 404 3351 ·
433 3306 549 3372 blande
562 3309 659 3370 terret
670 3307 807 3370 tonitrus
820 3305 911 3369 sibilo
924 3304 949 3367 si
965 3308 1057 3368 tones
1070 3333 1077 3367 ι

341 3485 372 3543 (ι)
395 3483 507 3529 Parisios
527 3489 562 3527 cst
584 3482 613 3527 ici
634 3493 687 3526 sana
710 3480 777 3526 doute
799 3492 856 3537 pour
889 3478 1000 3523 o'aillcors
1017 3478 1045 3523 de
1061 3478 1223 3540 l'orahograplc
1244 3478 1311 3525 ‹l'onc
1330 3478 1388 3524 ionic
1401 3479 1430 3524 ue

315 3546 437 3599 Paralia
452 3557 481 3590 on
495 3546 520 3589 lit
533 3544 589 3589 daos
604 3543 625 3589 lc
647 3541 855 3587 lucullorum
891 3541 1037 3592 manuscrits,
1058 3553 1102 3597 que
1124 3542 1144 3586 le
1164 3555 1182 3588 x
1204 3540 1280 3596 avait,
1299 3540 1396 3596 pendant
1409 3539 1431 3584 le

314 3607 508 3667 quodmportilc,
523 3606 540 3652 l.
553 3617 577 3660 r,
592 3605 675 3651 elul:
690 3603 789 3649 Parisios
803 3614 857 3648 roro
892 3613 972 3658 moyen
985 3605 1041 3658 age,
1061 3615 1093 3648 un
1114 3615 1156 3648 son
1178 3602 1311 3649 uas-vorsla
1330 3601 1357 3647 la
1371 3600 1431 3647 cetui

315 3684 355 3729 per
368 3669 458 3726 aliqum
469 3675 557 3724 tempus
568 3666 667 3711 studens.
677 3666 776 3721 Quanta
786 3664 858 3709 Doro·
892 3664 922 3708 du
935 3677 956 3709 s.

315 3730 453 3847 mewa:
463 3726 857 3846 Ἓξῷοᾶᾝῖθῗῖξρόυῗέζὲζ
919 3770 948 3825 ll)
962 3769 980 3813 ll
991 3768 1069 3813 s’oilrit
1082 3773 1130 3813 tout
1143 3768 1215 3814 entier
1228 3766 1325 3822 lDicu3
1337 3765 1370 3811 les
1383 3767 1433 3812 lla-

317 3856 372 3901 ‹laos
381 3855 506 3909 Ριοὶέιιιόθ,
517 3858 541 3899 et
551 3851 718 3898 Durovernum
727 3852 783 3895 dans
794 3849 857 3895 l'lts'-
891 3830 947 3876 '3⁶¹¹'
960 3830 1032 3876 (ΠΜ
1050 3830 1249 3888 P¹⁰l⁰rbl⁸¹⁶m0¹¹i
1262 3828 1317 3873 dant
1329 3840 1364 3900 Ἧι
1380 3839 1434 3873 tuns

316 3917 416 3963 maere
425 3915 559 3961 summ,
893 3891 1001 3949 aualoguc
1013 3905 1043 3937 nc
1057 3904 1128 3950 copo,
1140 3903 1170 3936 se
1179 3888 1252 3944 eodm
1265 3896 1289 3935 ct
1300 3901 1329 3934 on
1342 3889 1368 3934 lrt
1376 3888 1434 3935 dans

345 3988 375 4043 (2)
393 3985 555 4043 praepucium
567 3989 602 4030 est
615 3983 644 4029 ici
657 3995 709 4029 saus
722 3981 788 4027 doute
802 3995 858 4039 pour
893 3952 990 3998 mum

318 4047 486 4100 emmim,
499 4046 616 4102 ,am-me·
915 4035 963 4077 Qum
970 4045 1004 4069 nec
1011 4042 1067 4080 caput
1073 4044 1107 4069 nec
1115 4043 1148 4078 pes
1156 4043 1260 4067 sermonum
1271 4038 1352 4077 apparet.

346 4118 374 4173 (ὅ)
395 4117 457 4163 (lette
477 4117 533 4162 rime
553 4128 647 4174 prouvc,
671 4128 696 4160 co
718 4114 757 4170 qul
777 4113 858 4158 resulto
972 4111 1099 4163 Asinaria,
1114 4114 1159 4156 act.
1171 4122 1212 4165 ιιι,
1226 4109 1287 4155 scen,
1300 4120 1339 4163 ru,
1351 4119 1373 4151 ι.
1384 4110 1431 4152 lau.
