3118 5198
825 535 865 544 -
879 505 988 559 270—

393 748 578 832 Comploiate
596 769 648 811 scr
669 751 701 810 lu
717 764 881 828 oeapeunce
904 747 939 806 de
958 747 991 806 to
1008 752 1089 805 mort
1106 745 1141 804 dc
1160 743 1285 804 Cburles
1306 743 1334 801 le
1355 741 1447 819 boc,

717 864 808 916 comte
821 855 857 916 de
869 854 897 917 F
898 853 1005 914 locdre
1018 855 1029 928 (
1054 855 1073 926 ).

640 1048 802 1129 Descripta
814 1050 917 1111 morte
927 1043 1067 1108 consulis

641 1156 764 1220 cunctis
777 1155 878 1218 invisa
891 1152 1033 1233 populis,

640 1263 788 1346 lacrymis
801 1262 906 1325 llcnda
920 1261 1037 1323 sedulis

641 1377 673 1434 at
683 1371 825 1434 inaudita
839 1368 994 1449 sacculis3

639 1504 865 1568 Describuntur
877 1502 1016 1566 crudelia

640 1612 808 1692 impiorum
821 1609 990 1690 supplicia,

640 1737 722 1801 quae
734 1737 792 1800 pro
805 1736 863 1781 sua
877 1717 1018 1797 nequitia

638 1828 837 1907 pertulerunt
850 1825 883 1887 in
897 1824 1053 1886 Flandria.

639 1966 726 2024 lustu
740 1961 793 2023 Ilei
807 1960 948 2040 potentia

640 2070 750 2132 volens
763 2072 851 2131 tanta
866 2068 1003 2149 llagitia,

640 2176 799 2257 suppliciis
812 2176 969 2257 obnoxia,

639 2285 743 2366 puniri
757 2303 829 2348 cum
841 2284 982 2366 justitia,

640 2427 732 2489 Mittit
745 2429 785 2489 ab
797 2432 906 2491 austro
916 2428 1052 2491 indicem
1061 2431 1094 2503 (l.
1103 2430 1264 2512 judicem),

637 2534 779 2613 justitiae
793 2534 938 2613 opificem

375 2756 405 2809 (1)
420 2755 447 2799 Sa
463 2758 520 2797 mort
537 2751 570 2795 lut
584 2751 667 2806 vebgae
681 2750 702 2793 la
716 2753 788 2794 meme
803 2751 888 2805 annta3
925 2753 1064 2797 masticando
1082 2754 1224 2801 devorabat:
1242 2754 1364 2811 aliquando
1383 2753 1473 2803 etiam,

347 2816 405 2860 voici
416 2816 436 2859 le
451 2815 508 2858 recit
521 2813 548 2857 de
562 2812 632 2868 Suger
646 2825 653 2857 ε
667 2812 718 2856 lam
735 2823 788 2866 crgo
801 2811 829 2855 de
843 2811 889 2855 vita
925 2814 984 2870 quod
997 2815 1103 2861 horribile
1114 2816 1175 2861 dlctu
1189 2823 1237 2871 cst,
1251 2815 1408 2871 stercorabat3
1422 2813 1468 2858 sic-

347 2878 380 2922 eis
391 2873 570 2932 desperantibus,
583 2885 635 2918 cum
643 2874 691 2929 jam
703 2872 726 2916 in
738 2873 822 2916 luctum
834 2885 889 2917 ver-
924 2887 969 2932 qua
988 2877 1094 2922 miseram
1109 2878 1191 2932 ritem,
1210 2877 1311 2922 miserior
1326 2876 1470 2926 miserrimo,

347 2944 433 2984 teretur
446 2938 538 2994 cythara
552 2948 644 2991 eorum,
657 2941 681 2980 et
691 2946 801 2991 organum
812 2948 890 2980 eorum
925 2942 996 2983 morte
1007 2946 1115 2996 perpetua
1126 2940 1262 2985 terminavit.
1280 2941 1342 2996 Quos
1356 2944 1437 2984 autem
1448 2936 1471 2979 in

347 3002 456 3045 invocem
466 2998 582 3053 flentium,
593 2997 742 3054 nequissimus
749 2996 888 3051 buchardus,
925 3005 987 3045 turre
998 3001 1119 3046 incluserat
1130 3002 1205 3046 multis
1214 3001 1321 3058 angustiis
1332 3000 1360 3045 ad
1373 2998 1470 3044 deditio-

345 3061 457 3117 sociorum
468 3071 578 3105 consensu
587 3059 639 3116 iuga
650 3059 736 3115 lapsus,
746 3062 829 3103 terram
840 3059 889 3104 axi·
924 3074 976 3106 nem
985 3075 1080 3119 cogens,
1089 3063 1200 3119 sigillatim
1209 3075 1279 3107 unum
1288 3068 1337 3118 poet
1348 3062 1420 3106 adum
1430 3071 1470 3104 co-

345 3134 371 3167 ra
384 3121 460 3167 volens
477 3133 520 3166 nec
533 3124 622 3176 valens,
635 3121 681 3166 sola
699 3120 817 3176 iniquitate
835 3133 888 3176 pro·
924 3135 973 3168 ram
987 3125 1033 3169 suis
1046 3125 1125 3170 tractis
1139 3125 1264 3170 cervicibus
1277 3125 1365 3181 dejecit.
1382 3124 1470 3180 Quem·

346 3185 395 3241 pria
403 3183 541 3241 prohibente,
549 3184 572 3227 in
581 3183 686 3228 llrmitate
698 3183 814 3237 cujusdam
821 3181 888 3227 amiel
924 3186 975 3229 dam
994 3187 1063 3231 etiam
1077 3199 1171 3243 eorum,
1184 3188 1250 3233 lsaac
1266 3186 1371 3239 nomine,
1389 3186 1468 3230 timore

345 3252 369 3292 et
388 3246 503 3291 familiaris
519 3254 641 3300 reversus,
663 3245 801 3301 interceptus
820 3245 889 3300 Regis
924 3246 1001 3291 mortis
1014 3248 1039 3292 in
1054 3250 1188 3297 monasterio
1204 3248 1301 3305 quodam
1315 3253 1468 3298 tonsoratum,

346 3309 452 3366 imperio,
466 3309 577 3365 exquisito
591 3311 687 3353 miserae
701 3307 778 3351 mortis
791 3318 886 3363 genere,
923 3306 1110 3354 demonachatum
1119 3309 1218 3367 patibulo
1230 3309 1307 3353 allinit.
1321 3307 1411 3352 Potitus
1422 3307 1467 3350 ita-

346 3371 391 3415 alta
404 3376 454 3415 rota
467 3369 629 3426 superligatus,
643 3381 761 3413 corvorum
775 3373 798 3412 et
811 3367 889 3411 alitum
923 3382 967 3427 que
977 3371 1082 3428 brugensi
1092 3372 1252 3427 plasmator
1260 3383 1312 3415 cum
1321 3371 1368 3414 suls
1378 3370 1466 3426 lpram,

347 3431 467 3487 rapacitati
475 3431 598 3487 expositus,
607 3430 781 3493 desuperoculis
789 3428 889 3473 delossus
923 3434 1072 3490 peroptimum
1098 3441 1199 3479 castrum
1222 3437 1300 3478 contra
1325 3430 1467 3480 Guillelmum

345 3498 370 3538 et
384 3498 429 3537 tota
441 3492 499 3537 lacie
510 3493 660 3547 dilaceratus,
672 3492 801 3537 interiorum
816 3490 889 3548 sagit·
924 3494 1067 3550 bastardum,
1085 3496 1215 3552 proditionis
1227 3495 1349 3544 lentorem,
1371 3498 1397 3536 ut
1410 3498 1434 3536 et
1445 3490 1467 3532 iu

346 3556 376 3599 tis
392 3560 415 3599 et
425 3554 510 3600 lanceis
527 3560 550 3599 et
559 3555 640 3610 jaculis
654 3554 732 3599 millies
749 3553 888 3610 perforatus,
923 3567 976 3600 eum
994 3558 1124 3612 ulciscatur,
1138 3559 1256 3604 accelerat.
1276 3556 1404 3611 brugenses
1422 3559 1466 3598 tam

347 3617 471 3662 miserrime
482 3616 625 3670 interiectus,
634 3616 657 3660 in
667 3616 766 3661 cloacam
775 3617 889 3671 projeetus
923 3616 989 3661 minis
998 3629 1067 3674 quam
1080 3617 1207 3673 blanditiis,
1220 3617 1311 3662 directis
1320 3616 1349 3660 ad
1360 3626 1400 3659 eos
1409 3625 1467 3658 nun·

345 3684 390 3724 cst.
407 3678 524 3723 Bertoldus
537 3677 608 3735 (ottus
622 3677 743 3734 Bertullus)
754 3689 809 3722 vero
820 3684 889 3734 caput
923 3679 973 3733 tiis,
982 3679 1057 3723 allicit.
1068 3680 1171 3736 Dumque
1178 3678 1307 3725 Guillelmus
1314 3671 1367 3721 cum
1377 3681 1466 3721 trecen·

347 3740 469 3797 iniquitatis
483 3752 535 3784 cum
550 3741 651 3786 similiter
662 3741 760 3796 elingere
773 3740 889 3784 decretis·
923 3741 952 3784 tis
967 3741 1073 3785 militibus
1085 3741 1106 3786 el
1121 3741 1210 3795 obviat,
1227 3741 1296 3785 altera
1314 3750 1367 3796 pars
1385 3735 1464 3793 regalis

346 3808 396 3856 sat,
411 3813 463 3847 cum
479 3802 524 3846 huc
542 3802 639 3858 illucque
652 3801 829 3855 deambulasset,
841 3801 887 3845 sola
922 3802 1036 3847 exereitus
1048 3804 1071 3847 in
1083 3815 1136 3848 curn
1149 3802 1229 3858 irruit3
1240 3802 1310 3846 altera
1324 3812 1352 3844 ex
1362 3799 1463 3856 obliquo,

344 3864 449 3921 snperbia
462 3875 567 3908 reversus
580 3864 678 3921 [dicebat
691 3864 750 3908 enlm
763 3876 769 3906 ι
782 3863 838 3919 Quis
847 3875 888 3919 ego
922 3864 966 3909 alia
988 3870 1063 3920 porta,
1085 3864 1200 3909 castellum
1223 3863 1330 3907 audacter
1354 3865 1463 3918 oocupat3

346 3926 446 3982 autquid
455 3937 496 3982 ego
505 3926 594 3982 sumt),
607 3925 675 3973 etiam
685 3925 811 3982 capituret,
820 3925 888 3981 Regis
922 3937 993 3982 eoque
1006 3932 1105 3979 retento,
1117 3925 1257 3970 Guillelmum
1271 3936 1285 3968 a
1301 3928 1348 3968 tota
1362 3921 1462 3967 Flandria

344 3987 438 4032 arbitrio
466 3988 591 4044 expositus,
615 3988 694 4033 merita
717 3993 740 4032 et
764 3977 887 4031 miselrima
921 3988 1096 4032 exhaeredatum
1109 3987 1256 4037 exterminata
1271 3985 1306 4030 De
1320 3985 1372 4028 otto
1386 3983 1464 4029 Ludo·

346 4055 417 4093 morte
428 4054 462 4094 est
471 4050 599 4094 damnatus.
614 4048 694 4094 Furcis
705 4049 764 4093 enim
772 4061 823 4092 cum
831 4061 887 4094 cane
921 4049 971 4092 etei
994 4050 1083 4107 protei,
1102 4050 1168 4106 repit
1187 4048 1336 4092 Francorum
1342 4059 1350 4097 ,·
1371 4046 1427 4091 dans
1445 4044 1464 4088 le

346 4123 478 4167 suspensus,
493 4112 580 4166 quoties
595 4112 656 4156 canis
670 4111 849 4168 percutiebatur,
866 4113 888 4155 ln
924 4109 1012 4155 lteram
1034 4110 1178 4168 pullicorum
1199 4110 1338 4166 scriptores,
1364 4113 1381 4151 t.
1404 4106 1461 4157 llll,

346 4183 398 4215 aum
413 4174 469 4216 iram
489 4179 633 4228 retorquens,
655 4179 724 4217 totam
740 4172 819 4216 lactem
841 4174 889 4227 eius
924 4185 947 4227 p.
959 4177 992 4216 55.
