3146 5192
561 527 721 582 —135-
760 597 768 609 ,

226 650 297 731 qui,
313 649 401 729 prius
412 649 557 712 succensi
568 649 661 712 bonis
673 649 706 710 in
719 648 856 729 actibus,

228 755 379 819 instinctu
391 756 555 819 daemonis
570 757 734 836 deponunt
746 757 904 836 regulam,

228 863 386 943 vitamque
397 866 545 943 repetunt
557 863 651 926 istam
663 861 868 925 mortiferam.

266 969 351 1032 ldem
364 973 414 1032 est
427 969 467 1031 de
479 969 571 1031 malis
585 985 695 1032 eorum
707 969 865 1049 Patribus,

228 1074 894 1156 tamdePraepositisquamdePrimibus,

227 1180 285 1256 Qui
298 1185 414 1244 curant
426 1181 556 1245 minime
568 1181 645 1262 quid
658 1184 757 1262 agant
769 1179 904 1261 subditi,

227 1287 292 1351 sive
304 1287 369 1350 sint
381 1289 528 1369 rebelles,
544 1287 611 1353 sive
624 1287 765 1351 obnoxii.

225 1392 305 1455 Olim
318 1411 383 1456 ncn
396 1393 464 1456 visa
477 1395 526 1456 est
539 1395 628 1456 tanta
642 1392 808 1459 invensitas

228 1517 286 1562 nec
295 1502 363 1580 jam
377 1500 485 1563 audita
497 1504 545 1563 est
558 1502 649 1562 tanta
662 1496 848 1580 crudelitas,

226 1609 348 1680 Quanta
362 1624 449 1670 nunc
461 1607 607 1669 cernitur
619 1607 653 1668 in
664 1606 714 1669 bis
727 1604 908 1669 bominibus

232 1710 291 1785 Qui
303 1729 339 1774 se
352 1711 384 1776 in
398 1712 540 1775 omnium
552 1712 727 1777 ostendunt
739 1712 889 1778 vestibus.

230 1821 289 1880 lsta
302 1817 413 1899 religia
424 1818 503 1882 fallit
515 1823 549 1882 et
561 1820 697 1900 fallitur,

151 1996 154 2003 ,
229 1943 310 2005 quae
329 1925 368 1988 de
384 1926 533 2006 operibus
546 1926 633 1990 salsis
645 1926 833 2005 involvitur3

231 2030 378 2094 Mentitur
391 2032 502 2095 habitu
515 2032 721 2114 religiositas,

229 2155 301 2200 cum
313 2138 399 2202 sitin
410 2139 563 2203 cordibus
576 2140 684 2220 lupina
698 2140 818 2204 feritas.

176 2295 182 2310 .
230 2244 264 2307 lli
278 2262 373 2325 super
383 2247 489 2308 oleum
502 2248 677 2327 lequuntur
689 2247 836 2327 molliter,

228 2366 338 2412 omnes
352 2350 513 2432 decipiunt
523 2351 749 2415 admirabiliter
760 2379 769 2434 3

229 2459 307 2519 Nam
319 2455 402 2519 sicut
414 2457 518 2520 latitat
531 2458 645 2538 anguis
658 2458 692 2522 in
705 2459 855 2539 herbula,

229 2561 275 2625 sic
288 2564 388 2625 latent
401 2562 494 2627 ineis
507 2581 691 2629 sermonum
698 2567 805 2646 jacula
820 2593 829 2627 ι

231 2671 415 2749 Loquuntur
425 2669 542 2734 etenim
555 2688 667 2751 pacem
679 2689 753 2734 cum
766 2670 911 2751 proximu

231 2776 412 2857 malumque
425 2776 544 2857 tegitur
560 2776 593 2840 in
606 2777 703 2840 corde
718 2778 851 2857 perfido.

235 2888 269 2945 ln
282 2883 444 2963 Evangilic
457 2885 490 2958 (l.
505 2883 688 2963 Evangelio)
699 2883 851 2964 praecipit
864 2883 1012 2947 Dominus

232 3007 343 3052 omnes
354 2973 518 3052 attendere
531 2990 571 3051 ab
584 2989 635 3052 bis
647 2989 822 3053 fallacibus.
978 2989 979 2992 ’

233 3096 322 3158 Tales
334 3095 542 3176 (blypocritae
553 3113 587 3158 se
601 3095 678 3159 cibis
691 3096 865 3169 abstinent,

205 3229 209 3239 ¹
235 3205 396 3265 macerant
409 3220 561 3284 corpora,
575 3201 662 3266 risus
675 3204 906 3279 exterminant(
929 3209 953 3283 ),

235 3306 293 3382 Qui
306 3311 449 3390 tantum,
464 3309 523 3372 sub
534 3308 618 3373 vitae
629 3312 725 3391 hujus
736 3310 890 3392 imagine,

236 3415 346 3478 laudes
356 3419 389 3478 et
401 3433 535 3479 munera
549 3416 691 3496 gaudent
701 3416 853 3497 accipere.

185 3582 188 3589 .
236 3521 357 3585 amodo
371 3520 525 3603 siquidem
538 3540 667 3602 possum
680 3540 821 3587 asserere

238 3627 313 3708 quia
327 3625 538 3690 Antichristus
550 3626 689 3691 creditur
700 3627 825 3711 vivere,

237 3737 316 3797 Cum
328 3733 373 3797 sic
385 3732 541 3798 Ecclesiae
553 3751 638 3797 nuuc
651 3750 708 3813 per
720 3732 887 3796 circuitum

237 3840 356 3904 vadant
366 3839 407 3903 ad
419 3839 557 3903 dedecus
570 3838 655 3902 etad
667 3838 840 3902 interitum.

278 3950 358 4010 Puto
368 3945 456 4031 quod
467 3950 609 4027 tempora
621 3949 778 4011 venerunt
789 3944 916 4023 ultima,

135 4142 160 4195 [ll
175 4128 291 4195 Eteignent
302 4140 350 4184 leur
362 4139 451 4195 regeri,
460 4150 490 4183 cu
499 4138 642 4183 S'exttnuent
676 4138 787 4195 n'indique
796 4150 836 4194 pas
847 4143 906 4184 cette
917 4137 1062 4196 signification
1070 4137 1212 4184 d'lixlcrmi·

111 4200 223 4257 brisagm
239 4202 259 4246 la
277 4200 377 4246 nouvelle
392 4200 472 4244 edition
486 4200 513 4244 de
526 4200 555 4242 du
569 4200 642 4254 Gange
677 4211 744 4243 aare.
