3162 5188
596 518 681 575 „31
708 548 736 560 -

255 641 380 723 aspides
388 641 432 703 de
444 640 571 721 apibus,
585 641 625 703 de
636 642 779 721 tyrannis
791 643 892 724 ferae,

261 749 358 809 tetros
372 745 405 808 in
420 743 598 808 teterrimos
612 762 717 808 mores
730 749 902 811 mutavere.

257 888 325 951 Nati
338 892 445 968 patres
458 887 608 951 abdicant
620 890 657 966 (o
669 886 843 949 nefandum
857 905 978 951 rnorem
990 891 1031 972 l),

257 1011 368 1075 opem,
383 992 489 1074 aegri,
503 992 646 1073 pervium
657 997 703 1067 (1)
715 990 797 1055 devii
812 991 998 1057 ductorem:

260 1115 353 1179 grex,
368 1097 487 1178 pastori
502 1097 639 1161 dedecus
652 1096 813 1177 spondens
826 1099 859 1159 et
872 1115 1044 1181 angorem,

257 1202 439 1282 juramento
452 1198 567 1262 celebri
579 1198 685 1260 firmat
696 1199 782 1261 bunc
794 1199 943 1261 furorem.

260 1335 447 1397 Prolanatur
458 1332 583 1413 publice
595 1332 745 1396 coelitum
759 1349 929 1411 germanus
943 1362 951 1415 3

261 1437 307 1499 vir
320 1438 461 1499 famosus
475 1437 558 1498 lama
571 1435 608 1498 fit
616 1434 724 1515 judice
735 1436 907 1518 profanus,

262 1542 296 1604 lit
306 1540 340 1604 in
354 1542 438 1604 lama
448 1541 481 1620 (l.
495 1539 671 1621 infamisl),
682 1539 837 1620 proditor,
847 1542 941 1604 exlex
953 1545 1163 1631 christianus,

261 1645 354 1706 exlex
367 1659 493 1706 mecum
504 1642 576 1705 talis
589 1642 631 1704 sit
641 1641 774 1723 quisque
788 1642 998 1707 christianus!

265 1777 323 1856 lpsi
336 1777 422 1841 caeci
436 1777 609 1859 principes,
621 1778 724 1841 caecis
735 1778 963 1862 conductores,

263 1882 294 1945 in
308 1884 392 1946 banc
404 1899 514 1947 secum
528 1884 651 1946 foveam
665 1883 820 1946 miserunt
831 1883 989 1967 minores,

263 1988 302 2050 de
315 1987 374 2067 piis
385 1990 545 2068 apostatas
554 1991 664 2050 creant
677 1988 896 2070 subversores,

263 2095 296 2154 et
308 2091 406 2173 liunt,
424 2094 457 2154 et
468 2092 589 2154 iaciunt
599 2091 734 2155 ethnicis
746 2094 881 2173 pejores.

263 2236 314 2299 Sic
324 2236 488 2318 pugnabat
500 2236 650 2299 chanaan
664 2254 737 2299 curn
750 2237 909 2320 israelita,

264 2341 321 2403 sed
332 2343 380 2405 sol
392 2339 461 2403 risit
471 2339 630 2424 nubilum,
645 2343 748 2405 lutum
761 2343 953 2427 margarita,

198 2470 202 2479 ·
264 2449 324 2511 sub
336 2451 403 2511 tam
416 2447 529 2530 grandi
543 2447 714 2530 grandine,
726 2450 786 2512 sub
797 2453 862 2514 tana
881 2453 955 2516 trita
970 2454 1048 2538 vita,

261 2554 392 2654 scutum
404 2552 474 2631 ejus
487 2550 599 2614 statuit
611 2553 687 2614 urbs
701 2551 734 2615 in
746 2557 856 2617 monte
867 2555 948 2635 sita(
969 2562 988 2634 ).

263 2700 339 2761 Post
352 2701 401 2761 tat
413 2700 497 2761 zelos
509 2702 585 2762 nata
595 2717 677 2781 pax,
692 2700 809 2763 nonde
822 2701 909 2781 pacis
923 2704 1010 2785 colo,

265 2806 388 2883 patrem
399 2803 483 2866 natis
496 2802 636 2866 reddidit
648 2807 680 2866 et
693 2804 791 2868 natali
804 2808 893 2888 solo,

267 2924 341 2970 eum
351 2925 415 2971 vox
428 2924 539 2987 pacem
552 2911 695 2988 resonat,
712 2911 745 2970 et
758 2926 830 2972 corz
846 2927 956 2989 pacem
970 2913 1063 2994 nolo,

264 3028 330 3092 pax
344 3014 393 3075 est
405 3029 443 3075 ea
456 3011 544 3092 picea
557 3016 599 3093 (3)
609 3030 689 3075 sono
702 3016 795 3093 pacta
806 3015 885 3077 solo.

268 3163 386 3238 aegras
400 3158 456 3221 dat
468 3157 613 3221 inducias
626 3159 708 3220 latro
719 3157 849 3239 viatori,

269 3264 381 3326 sabulo
393 3263 441 3327 vis
452 3263 602 3346 turbinis,
616 3262 664 3327 vis
674 3265 830 3344 procellae
844 3265 935 3347 llari,

268 3363 334 3444 lupi
345 3382 421 3427 cum
434 3363 558 3446 ovicula
571 3363 667 3428 ludus
680 3369 729 3427 est
741 3365 861 3448 dolori,

270 3485 344 3532 vere
355 3469 449 3548 lupus
466 3469 553 3530 lusor
566 3471 615 3531 est
628 3469 681 3549 qui
694 3469 749 3531 dat
762 3470 836 3533 dolo
848 3472 939 3535 mori.

270 3615 320 3680 Sic
333 3613 494 3678 blanditus
505 3618 554 3678 est
563 3615 640 3678 loab
654 3633 713 3678 suo
724 3617 898 3681 successori
911 3667 919 3700 ,

152 3815 350 3875 lllSiliusltalicus
359 3813 660 3872 l’emplorataaussidaneua
696 3815 754 3869 rim,
768 3815 797 3858 od
814 3815 846 3859 les
861 3815 972 3862 lsratlites
985 3830 1009 3862 sc
1021 3819 1158 3877 relugltranl
1169 3831 1234 3886 apres

133 3893 179 3927 atas
189 3881 259 3928 actii:
695 3875 744 3921 leur
757 3876 846 3921 combat
857 3881 934 3923 contre
944 3879 976 3923 les
988 3880 1102 3929 habitante
1112 3886 1139 3932 de
1153 3889 1206 3936 lla'r'.
1330 3942 1334 3948 ,

211 3953 554 4023 Quarumq123quapervrurenru.
722 3954 751 4011 (5)
764 3955 831 3999 Noiro
851 3967 937 4001 eamme
955 3958 982 4004 de
999 3959 1021 4004 la
1035 3961 1099 4020 pair,
1113 3968 1166 4022 pair
1179 3985 1234 4028 pet.

298 4012 445 4058 Prrmaorem
456 4011 472 4057 l.
481 4024 511 4061 x,
525 4021 548 4055 r.
559 4014 607 4055 2⁴9.
695 4016 753 4073 Μῦς
763 4022 822 4062 oette
831 4018 973 4075 expression,
984 4021 1085 4069 d’autant
1095 4027 1144 4084 plus
1152 4045 1233 4082 remae.

155 4085 181 4140 (sl
194 4086 211 4130 ll
228 4098 242 4142 y
262 4083 368 4129 altune
381 4082 475 4127 allusion
493 4091 538 4136 quc
556 4090 612 4124 nous
632 4090 661 4125 ne
695 4078 863 4136 qaablequ'ellc
872 4079 929 4125 n'est
938 4087 1127 4146 pasarneneepar
1138 4093 1159 4138 la
1169 4098 1226 4145 rime

130 4157 218 4192 ommes
237 4157 279 4203 pas
299 4147 338 4190 sur
359 4143 443 4188 d’auoir
463 4141 587 4197 comprise3
605 4152 661 4186 noas
695 4152 724 4185 ne
738 4153 763 4186 oe
775 4147 853 4186 trouve
865 4143 926 4199 point
939 4144 995 4190 dans
1011 4148 1043 4192 les
1060 4151 1178 4206 glossaires
1189 4135 1234 4219 qa}

133 4219 245 4265 mppasom
264 4206 389 4264 dependant
401 4205 454 4261 qu’il
471 4204 536 4260 sagit
549 4204 578 4247 de
588 4202 661 4248 Saba-
696 4214 753 4247 nous
764 4215 832 4248 avons
846 4205 964 4251 coasultts.
1114 4272 1131 4325 6
