3118 5198
791 522 953 577 ..206-

414 644 524 707 vinum
538 646 579 709 sit
593 645 769 726 appositum
784 647 949 710 morientis
960 648 1026 728 ori,

415 754 451 812 ut
469 752 593 834 dicant,
611 770 684 815 cum
698 753 861 836 venerint,
876 756 1063 834 angelorum
1078 756 1189 818 ebori:

414 862 497 921 Deus
510 861 551 923 sit
567 860 721 940 propitius
733 860 808 923 buic
822 860 977 940 potaturi!

413 993 537 1056 Pocnlis
559 991 743 1056 accenditur
763 993 858 1055 animi
880 995 1029 1075 lucerna,

413 1117 469 1161 cor
482 1099 639 1162 imbutum
652 1103 781 1163 nectare
793 1102 880 1164 volat
892 1101 934 1164 ad
945 1118 1099 1183 supema3

413 1204 490 1267 mibi
504 1204 585 1285 sapit
598 1205 723 1269 dulcius
736 1206 846 1268 vinum
858 1206 892 1268 in
906 1208 1056 1288 tabcma3

413 1331 509 1392 quam
522 1313 610 1393 quod
623 1331 704 1394 aqua
718 1313 844 1377 miscuit
858 1313 1012 1393 praesuiis
1024 1314 1186 1394 pincerna.

414 1448 512 1508 Suum
525 1445 639 1526 cuique
652 1445 813 1525 proprium
828 1446 884 1509 dat
895 1451 1010 1510 natura
1022 1466 1157 1529 munus;

413 1570 474 1633 ego
487 1571 650 1633 nunquam
664 1553 752 1633 potui
765 1554 903 1617 scribere
911 1556 1064 1635 jejunus:

413 1678 465 1723 me
474 1663 620 1741 jejunum
634 1661 760 1725 vincere
776 1663 883 1742 posset
893 1679 974 1742 puer
985 1679 1087 1743 unus3

412 1766 498 1830 sitim
511 1772 544 1830 et
553 1768 710 1849 jejunium
725 1769 779 1831 odi
793 1773 945 1849 tanquam
957 1771 1063 1832 funus.

413 1897 588 1979 Unicuique
601 1901 762 1981 proprium
777 1900 833 1964 dat
846 1904 960 1964 natura
975 1902 1114 1979 donum3

414 2021 475 2084 ego
488 2022 598 2068 versus
612 2006 749 2088 iaciens,
764 2008 874 2071 vinum
884 2006 960 2070 bibo
974 2010 1115 2090 bonnm,

414 2115 446 2173 et
458 2112 545 2192 quod
557 2114 674 2176 babent
687 2113 800 2176 melius
812 2114 897 2177 dolia
911 2133 1112 2197 cauponum,

413 2221 476 2280 tale
487 2219 597 2283 vinum
611 2224 742 2300 generat
755 2220 878 2301 copiam
892 2239 1086 2285 sermonum.

411 2353 504 2413 Tales
518 2368 628 2415 versus
641 2353 741 2434 iacio,
755 2355 849 2432 quale
862 2352 973 2416 vinum
985 2353 1078 2435 bibo3

413 2457 491 2519 nibil
505 2476 634 2537 possum
648 2461 802 2542 scribere,
813 2459 874 2522 nisi
888 2463 1016 2540 sumpto
1030 2459 1118 2542 cibo3

412 2564 491 2626 nibil
504 2568 588 2628 valet
600 2567 726 2647 penitus
739 2566 826 2648 quod
837 2568 967 2647 jejunus
981 2565 1086 2629 scribo
1099 2592 1108 2647 3

412 2675 570 2734 Nasonem
583 2676 656 2753 post
669 2673 783 2737 calices
795 2672 935 2736 carmine
945 2672 1085 2751 praeibo.

413 2805 486 2868 mni
499 2824 663 2887 nunquam
676 2806 803 2887 spiritus
818 2804 1002 2885 prophetiae
1016 2805 1047 2885 (l.
1064 2806 1215 2885 poetriae)
1228 2807 1339 2887 datur,

413 2913 473 2976 nisi
487 2917 564 2977 tunc
578 2932 651 2976 cum
665 2915 759 2976 fuerit
772 2915 883 2975 venter
895 2913 977 2974 bene
991 2915 1080 2974 satur
1092 2943 1100 2994 3

412 3039 485 3085 cum
499 3020 532 3083 in
546 3038 619 3084 arce
633 3019 752 3083 cerebri
766 3019 909 3082 Bacchus
923 3017 1125 3099 dominatur,

411 3128 443 3191 in
456 3146 509 3192 rne
521 3129 666 3192 Pboebus
679 3126 770 3189 irruit
783 3145 820 3190 ac
833 3124 977 3188 miranda
994 3127 1088 3187 fatur.

795 3407 952 3484 aonam

412 3655 515 3714 Meum
528 3655 578 3714 est
589 3653 786 3733 propositum
799 3653 832 3714 in
845 3655 976 3716 taberna
988 3655 1089 3736 mori,

414 3762 448 3821 et
457 3758 568 3823 vinum
578 3759 757 3840 appositum
769 3760 887 3823 sitienti
900 3760 966 3843 ori,

339 4004 370 4060 (1)
382 4002 474 4049 rubbes
485 4003 571 4060 d'apres
580 4017 610 4048 nn
622 4017 663 4050 ms.
673 4005 702 4049 du
713 4006 766 4049 xva
777 4004 852 4056 siecle.
888 4011 950 4049 ment
960 4005 987 4049 dc
998 4006 1019 4050 ia
1029 4004 1091 4062 piace
1103 4003 1243 4060 mecedento.
1255 4002 1319 4049 Nous
1328 4016 1357 4049 cn
1368 4006 1433 4062 ajou-

312 4075 356 4119 pnr
369 4065 401 4111 Μ.
422 4064 520 4121 Ντὶςὴῑ,
541 4065 613 4110 Latin
631 4079 710 4124 poem
727 4065 853 4123 comnaonty
888 4073 962 4112 terons
978 4080 1022 4112 unc
1036 4072 1100 4111 autre
1114 4079 1152 4111 sur
1165 4065 1258 4110 I'amour
1269 4066 1297 4110 do
1315 4066 1336 4111 ia
1358 4066 1434 4112 bonne

312 4125 446 4170 aitnboted
455 4129 477 4170 to
493 4126 580 4176 Walter
599 4127 691 4184 Mopso,
711 4141 732 4184 p.
752 4141 811 4181 ως
823 4139 853 4171 eu
889 4128 967 4183 obers,
978 4141 1022 4184 que
1034 4128 1067 4173 Μ.
1085 4127 1106 4171 J.
1119 4127 1204 4173 Grimm
1218 4140 1231 4172 a
1245 4128 1333 4172 instrc'o
1344 4127 1402 4173 daus
1413 4129 1433 4172 Ιο

312 4194 505 4233 commenccrucnt
522 4190 586 4244 pres,
606 4190 646 4233 etio
663 4190 741 4235 differe
753 4190 852 4233 entiere·
890 4188 1002 4234 Gedicbte
1012 4188 1053 4234 des
1064 4188 1212 4235 mittelalters
1220 4188 1269 4244 aas
1274 4189 1355 4246 Κακία
1363 4188 1434 4234 Frie-
