3160 5196
614 518 653 539 ι-
667 499 724 557 l25
739 530 779 540 ·—

433 629 528 692 iludil
538 630 570 691 el
583 612 713 707 suspicit

433 739 535 818 puella
549 736 698 800 nuntium
710 767 718 815 3

433 843 535 906 eradit
546 847 579 905 et
592 840 729 919 concipit

433 954 465 1013 et
477 949 561 1031 parit
572 949 672 1012 silium
687 996 694 1027 ‚

433 1057 490 1119 sed
503 1055 720 1118 admirabilem
732 1056 773 1134 (1)
790 1080 798 1132 ς

432 1188 651 1252 consiliarium

433 1301 564 1366 humani
576 1295 701 1380 generis

432 1414 465 1471 et
480 1414 579 1471 Deum
594 1408 723 1471 fortium

431 1520 617 1596 patremque
629 1514 763 1595 posteris

433 1624 466 1686 in
480 1641 557 1703 pace
571 1621 726 1686 stabilem.

433 1759 530 1838 Cujus
541 1755 696 1819 stabilitas

433 1881 493 1926 nos
506 1862 619 1926 reddat
629 1861 773 1941 stabiles,

435 1987 475 2032 ne
488 1987 547 2032 nos
560 1968 696 2032 labilitas

434 2078 573 2139 humana
586 2075 696 2138 labiles

433 2201 543 2246 secum
556 2182 757 2262 praecipitet3

434 2318 496 2381 Sed
510 2319 602 2380 dator
615 2316 746 2396 veniae,

434 2441 583 2487 concessa
597 2423 709 2505 venia,

433 2549 489 2610 par
501 2536 635 2595 matram
649 2530 769 2612 gratiae
782 2579 789 2611 ,

433 2641 563 2702 obtenta
578 2638 695 2720 gralia,

436 2747 467 2809 in
479 2746 571 2809 nobis
582 2746 702 2810 habitet
714 2747 722 2807 ἱ

434 2883 550 2941 Natura
569 2879 723 2959 premitur

435 2984 466 3047 in
480 2988 572 3064 partu
588 2986 740 3067 virginis,

434 3110 491 3154 rex
504 3110 615 3173 regum
627 3093 783 3173 nascitur,

435 3198 498 3262 vim
511 3201 619 3263 celans
632 3200 771 3264 numinis
784 3249 791 3281 ,

435 3311 467 3370 et
478 3312 583 3372 rector
594 3327 744 3389 superum
756 3313 807 3389 (2).

433 3440 492 3517 Qui
506 3443 598 3504 nobis
612 3440 734 3505 tribuat

433 3549 554 3629 peccati
567 3548 712 3629 veniam,

433 3659 541 3719 reatus
557 3657 658 3719 diluat

435 3766 468 3825 et
480 3764 578 3826 donet
589 3764 723 3843 patriam

434 3867 468 3933 in
482 3887 558 3934 arca
569 3870 707 3934 siderum
720 3871 729 3933 1

29 4054 31 4139 l
170 4068 201 4124 (l)
218 4069 262 4115 Lea
281 4072 341 4116 deux
363 4071 465 4128 atrophos
484 4071 683 4127 wireapondanles
718 4067 759 4112 lois
772 4070 832 4114 auasl
847 4082 887 4126 par
902 4071 922 4117 le
935 4084 989 4117 sans
998 4079 1021 4118 al
1030 4086 1071 4130 par
1082 4074 1103 4119 la
1115 4072 1260 4130 grammaire.

144 4127 250 4176 n'ataiant
268 4145 323 4190 pas,
338 4144 425 4178 comme
437 4144 466 4177 οιι
482 4134 543 4188 voit,
561 4133 683 4177 seulement
744 4131 773 4186 (2)
786 4130 844 4176 G’asl
857 4130 878 4176 la
891 4135 981 4191 stropha
991 4136 1030 4192 qui
1042 4148 1070 4181 ne
1085 4147 1109 4181 aa
1125 4141 1205 4181 trouve
1216 4144 1262 4191 qua

143 4188 195 4234 litias
205 4203 247 4247 par
253 4193 275 4239 la
281 4194 396 4251 alithinu
407 4194 563 4241 ellasl’llaianl
570 4195 683 4251 quelque·
719 4192 774 4238 dans
785 4193 815 4238 clu
826 4192 923 4241 Choana.
