3146 5192
589 509 752 564 —121-

387 631 567 700 exultantes
581 637 819 716 respondebunt

386 743 419 802 et
433 741 609 804 laudabunt
623 761 704 822 quae
715 741 886 804 videbunt:

384 905 448 964 Deo
462 901 580 981 gratias
592 918 745 981 agamus,

384 1005 543 1068 cernimus
557 1005 645 1085 quod
658 1009 862 1086 sperabamus
875 1058 883 1090 ,

384 1114 448 1175 Deo
463 1110 581 1190 gratias
595 1129 728 1191 agamus

385 1216 418 1277 et
427 1212 586 1277 Christum
599 1212 844 1276 benedicamus!

386 1365 475 1446 0(h)!
489 1384 586 1446 quam
595 1367 700 1449 dulce,
714 1385 811 1448 quam
819 1367 997 1447 jocundum

386 1471 446 1533 erit
460 1474 536 1533 tunc
550 1471 656 1534 odisse
669 1473 843 1552 mundum,

388 1580 421 1640 et
432 1595 528 1658 quam
543 1576 650 1658 triste,
665 1595 762 1658 quam
775 1595 918 1639 amarum

387 1681 535 1746 habuisse
549 1682 705 1743 mundum
719 1680 847 1744 earum!

386 1837 477 1916 uun!
492 1838 577 1900 beati
592 1843 668 1901 tuuc
681 1840 827 1918 lugentes
915 1812 919 1821 ¹

389 1947 422 2008 et
434 1963 492 2025 pro
504 1945 626 2009 Christo
640 1946 812 2027 patientes,

389 2049 504 2131 quibus
518 2050 637 2113 saeculi
651 2068 798 2132 pressura

390 2175 489 2238 regna
500 2157 556 2219 dat
565 2174 690 2236 semper
704 2155 874 2218 mansura!

391 2309 434 2372 lbi
444 2313 513 2391 jam
525 2328 592 2373 non
606 2311 666 2373 erit
677 2313 802 2393 metus,

391 2433 494 2497 neque
505 2418 629 2498 luctus,
641 2433 747 2496 neque
759 2416 867 2496 uetus,

391 2539 457 2585 uun
469 2524 610 2604 egestas,
626 2540 692 2591 non
706 2525 870 2603 senectus,

391 2627 499 2688 nullus
512 2626 649 2706 denique
661 2627 815 2690 detectus.

393 2780 437 2842 lbi
452 2799 516 2861 pax
527 2783 587 2845 erit
599 2785 747 2864 perennis

394 2889 427 2948 et
436 2886 555 2949 laetitia
566 2888 732 2971 solemnis,

395 2991 454 3053 flos
464 2994 498 3052 et
511 2991 609 3055 decus
619 2993 811 3073 juventam,

395 3099 428 3158 et
440 3098 592 3177 perfectio
606 3100 727 3162 salutis.

394 3258 491 3318 Nemo
505 3259 610 3335 potest
623 3258 765 3338 cogitare

394 3364 550 3439 quantum
563 3361 624 3424 erit
634 3365 795 3444 exultare,

395 3450 516 3528 tunc'in
530 3466 627 3529 coelis
641 3467 784 3532 hahitare

397 3570 429 3630 et
442 3586 516 3632 cum
530 3571 652 3650 angelis
662 3590 807 3653 regnare.

398 3717 443 3779 Ad
456 3718 518 3780 hoe
532 3735 667 3798 reguum
680 3737 731 3781 me
746 3738 877 3801 vocare,

393 3823 480 3900 J'uste
492 3822 610 3903 Judex,
627 3826 662 3884 tu
676 3823 827 3905 dignare,

397 3943 492 4005 quem
506 3930 656 4009 expecto,
674 3945 769 4008 quem
782 3928 928 4009 require,

399 4032 440 4094 ad
454 4050 550 4111 quem
561 4033 676 4097 auxius
687 4033 820 4112 suspiro.
859 4037 967 4096 Amen.
