3146 5192
576 462 739 518 -rar-

369 589 484 650 Utrum
496 587 589 666 eulpa
598 587 639 649 sit
652 605 761 650 eorum
774 636 781 669 ‚

277 704 281 711 “
371 690 477 753 noscit
490 690 642 754 Conditor
654 695 866 769 cunctorum(
889 702 909 772 ).

414 798 539 877 Caesar,
554 813 646 875 reges
660 800 692 859 et
704 798 865 879 marchio,

372 893 457 975 dux,
473 911 597 975 eomes,
611 895 701 957 miles
714 898 852 976 ethaeo,

367 999 484 1060 Omnes
496 997 652 1079 principes
666 1002 822 1063 terrarum

367 1100 530 1180 possident
541 1101 582 1163 de
594 1102 658 1164 tide
671 1120 799 1186 parum,

368 1206 452 1266 lnter
464 1221 575 1267 omnes
586 1223 651 1267 non
665 1209 713 1267 est
726 1223 827 1287 unus,

367 1303 444 1384 quin
457 1304 607 1383 respiciat
619 1306 661 1367 ad
673 1325 811 1385 munuS,

367 1412 406 1471 Et
415 1410 572 1490 justitiam
587 1415 757 1490 postponat
771 1417 814 1489 (2)

367 1531 424 1592 pro
438 1531 477 1577 eo
491 1514 546 1594 qui
559 1514 643 1577 dona
658 1516 766 1578 donat.

367 1623 424 1680 Per
434 1620 636 1699 tyrannidem
648 1625 680 1681 et
692 1621 824 1699 gloriam
837 1623 870 1697 (l.
883 1622 1045 1699 guerram)

368 1726 540 1805 disponunt
553 1727 670 1808 ubique
684 1730 801 1790 terram
814 1759 821 1809 3

365 1831 462 1910 Magis
473 1836 632 1911 quaerunt
645 1830 837 1893 christianos

366 1928 539 2007 debellare,
554 1944 652 2006 quam
665 1944 818 2006 paganos.

364 2039 432 2097 Non
445 2037 607 2113 verentur,
624 2051 690 2095 non
703 2034 893 2114 formidant,

364 2137 451 2217 quod
463 2136 618 2200 innocuos
630 2134 788 2198 occidant.

365 2239 766 2305 mmmmms

364 2347 450 2426 quod
463 2345 579 2410 oceidit
591 2347 624 2420 (i.
640 2344 776 2417 oeeidat)
786 2348 910 2425 justum
927 2352 1022 2408 reus?

367 2451 532 2526 Quondam
551 2449 639 2531 [qui]
653 2449 769 2512 milites
783 2451 893 2513 statuti

365 2559 474 2635 erant,
487 2560 523 2617 ut
535 2572 592 2633 per
605 2571 660 2617 eos
673 2553 731 2617 tut'

364 2664 475 2723 Essent
487 2660 620 2738 viduae,
635 2657 744 2738 pupilli

364 2763 547 2840 clerusque3
563 2777 649 2822 nunc
663 2762 695 2821 et
706 2758 749 2821 illi

364 2867 452 2927 Tales
463 2864 592 2927 minime
607 2863 802 2942 detendunt,

364 2973 421 3036 sed
432 2974 624 3052 praedantur
638 2973 670 3032 et
684 2969 856 3032 intendunt
871 2998 878 3030 ι

364 3081 423 3141 Cor
436 3095 547 3140 eurum
560 3076 661 3154 magis
675 3093 812 3154 pronum

363 3186 412 3244 est
425 3182 467 3244 ad
479 3183 598 3243 malum
611 3197 708 3260 quam
720 3180 760 3242 ad
774 3180 904 3241 bonum.

402 3288 508 3368 Cives,
522 3285 660 3366 nobiles,
677 3301 879 3364 communes,

362 3406 434 3451 raro
446 3387 509 3450 doli
524 3390 599 3449 sunt
612 3385 768 3447 immunes
781 3412 789 3465 3

362 3487 486 3551 Nobiles
502 3485 705 3567 injuriantur,

363 3591 447 3655 cives
460 3609 536 3655 vero
554 3592 777 3671 foenerantur3

360 3702 403 3759 De
417 3696 563 3759 omnibus
577 3695 626 3758 his
639 3698 689 3759 vel
702 3698 789 3759 ullus

361 3802 409 3862 est
422 3798 538 3879 tidelis,
554 3797 620 3862 sive
631 3800 747 3861 nullus.

360 3907 479 3966 Nautae
491 3903 588 3965 maris
602 3905 633 3964 et
647 3901 769 3981 coloni,

106 4157 110 4165 1
124 4100 150 4168 Ι(1)
162 4096 189 4143 ln
203 4097 274 4155 partie
284 4095 369 4152 pubtie'e
385 4107 425 4151 par
436 4094 527 4140 wolfius
538 4093 629 4139 s'arrtte
683 4092 780 4196 milax
794 4104 806 4134 a
821 4092 881 4194 ‘dans
897 4093 1036 4148 n'aogeorgus
1048 4093 1202 4148 postponant,

107 4171 135 4201 tsst.
663 4168 699 4197 ΜΒ
709 4168 721 4198 Θ
757 4166 817 4197 ‘maii
830 4186 835 4196 .
