3112 5194
779 500 813 513 ·-
833 476 943 535 aal-

442 603 530 680 Lux,
546 599 715 680 bypergaei
729 605 773 676 (1)
786 600 928 664 studiosa
940 600 1082 665 ministra
1094 604 1175 687 diei,

402 705 507 787 Cedit,
521 723 589 770 nox
601 706 761 788 sequitur3
774 708 887 770 Ruben
900 708 1031 771 functus
1043 711 1220 793 reperitur,

403 811 547 876 Creditur
560 816 594 875 et
603 812 709 876 subita
721 813 865 876 sublatus
880 814 995 877 abbae
1011 832 1090 879 nece
1102 817 1178 882 vita.

403 924 527 985 Extunc
539 918 674 1001 Pilatus,
688 920 787 982 Judae
800 921 945 984 recolens
959 923 1146 1006 famulatus,

402 1034 465 1092 Res
478 1027 534 1089 dat
546 1030 579 1088 et
593 1040 745 1108 uxorem,
759 1043 898 1106 pensam
908 1029 1055 1093 mercede
1067 1033 1220 1097 laborem.

403 1136 493 1199 Sorte
506 1135 589 1196 mala
602 1133 716 1214 dante,
728 1136 849 1215 mater,
863 1151 959 1215 quem
969 1135 1108 1216 liquerat
1118 1142 1193 1202 ante

404 1241 561 1305 Flebiliter
579 1240 740 1323 genitum,
754 1258 789 1304 se
802 1258 891 1304 nunc
902 1241 958 1305 det
968 1243 1086 1307 babere
1098 1245 1258 1310 maritum.

404 1354 485 1413 llum
499 1347 672 1428 suspiraret
685 1351 718 1411 et
730 1347 857 1411 fletibus
869 1365 925 1412 ora
939 1348 1074 1432 rigaret,

404 1454 511 1537 lnquit
521 1453 550 1517 ei
563 1453 659 1518 Judas
672 1481 681 1516 ε
695 1477 712 1513 «
726 1454 866 1517 Gemitus
875 1471 941 1535 quo
954 1456 1098 1536 pondere
1112 1458 1224 1537 sudas,

405 1561 530 1626 Flebilis
541 1563 575 1625 et
584 1563 727 1624 moesta?
742 1582 758 1619 n
773 1560 829 1625 Cui
843 1579 929 1625 nunc
942 1564 1103 1643 cyboraea
1116 1549 1259 1628 modesta
1274 1594 1284 1627 ι

407 1690 424 1725 n
438 1670 523 1730 Nutu
536 1664 663 1747 divino,
677 1682 751 1729 eum
764 1667 944 1746 perfruerer
957 1668 1114 1749 genuino,

405 1772 567 1836 Fluctibus
581 1770 691 1853 injeci,
707 1771 800 1835 dolor
813 1773 877 1835 beu
889 1771 985 1836 mibi!
999 1791 1074 1837 nam
1085 1777 1250 1841 maleleel.

406 1880 482 1943 Fine
496 1878 611 1944 debinc
622 1878 728 1943 subito
738 1895 869 1944 moveor
883 1877 1013 1942 viduata
1023 1880 1155 1964 marito,
1189 1964 1192 1967 Ι

407 1986 458 2051 Sic
468 1989 600 2049 onerata
610 1983 705 2049 nimis
717 1982 865 2065 lacrymis
877 1985 1052 2064 perfundor
1063 1985 1192 2068 opimis,

406 2096 545 2173 Sumque
559 2091 663 2157 (licata
676 2090 763 2170 viro,
775 2107 836 2154 nec
848 2107 958 2153 amore
968 2090 1026 2154 sed
1038 2091 1145 2170 omine
1158 2092 1229 2156 diro

405 2201 445 2261 Et
457 2201 569 2263 contra
583 2200 709 2278 votum,
723 2196 812 2277 quod
824 2195 930 2259 reddit
943 2196 1045 2260 flebile
1056 2200 1170 2260 tobim.
1187 2220 1205 2256 u

443 2307 497 2369 llis
506 2305 610 2370 verbis
622 2307 728 2369 tactam
739 2353 748 2386 ,
761 2305 858 2367 ludas
870 2307 920 2368 est
931 2308 1222 2388 commonefactus,

398 2414 444 2477 :se
457 2411 569 2475 recolit
581 2414 693 2474 natum
706 2413 903 2492 Cyboraea03
918 2425 975 2475 eor
987 2410 1174 2477 tribulatum

405 2519 553 2581 Fluctuat
564 2517 649 2583 intra
662 2534 714 2598 se,
727 2521 852 2598 patrem
867 2515 1040 2598 didicitque
1052 2534 1204 2600 necasse,

404 2627 444 2687 ut
455 2641 607 2704 sponsum
622 2624 734 2686 matris
747 2640 781 2685 se
791 2625 864 2703 post
877 2622 1008 2686 caedem
1021 2625 1090 2687 fore
1102 2623 1210 2703 patris.

399 2735 470 2795 lex
482 2728 629 2810 probibet
641 2732 786 2810 patrum,
800 2746 842 2791 ne
853 2727 917 2793 sint
930 2728 1091 2793 connubia
1102 2733 1242 2794 matrum
1269 2738 1271 2742 “

404 2839 483 2901 Cum
496 2835 629 2918 propriis
640 2836 743 2917 natis,
758 2853 831 2898 cum
844 2834 886 2897 sit
897 2836 1001 2898 scelus
1012 2834 1192 2915 impietatis.

403 2940 563 3004 poenituit
576 2942 656 3022 gesti
668 2941 800 3022 ludam,
815 2940 920 3003 cordis
933 2959 1061 3023 quoque
1071 2940 1183 3004 moesti

396 3047 540 3111 ‚Fletibus
553 3047 605 3110 ille
616 3046 741 3128 madet,
756 3051 859 3110 mater
873 3047 1017 3115 censoria
1030 3047 1162 3129 suadet,

401 3158 442 3219 Ut
454 3155 531 3221 satis
544 3155 619 3221 binc
632 3154 746 3236 faciat,
761 3154 955 3219 dominantis
966 3160 999 3218 et
1012 3157 1135 3221 assecla
1147 3154 1205 3241 flat

536 3404 613 3437 llum.
1110 3405 1183 3441 «lubae.

372 3459 427 3491 ΑΜ
438 3466 570 3499 lulum-'⁰¹¹⁸
579 3457 623 3489 b¹⁰¹²
632 3456 691 3489 ΜΨ
946 3463 969 3495 Et
978 3472 1024 3504 pour
1033 3472 1072 3504 unq
1081 3473 1128 3497 vous
1139 3473 1162 3497 on
1172 3473 1227 3499 aurea
1237 3465 1274 3499 six.

369 3503 459 3536 comblou
467 3503 485 3535 le
494 3511 541 3543 caup
550 3501 608 3542 d'uug
619 3500 686 3534 villula
695 3500 753 3533 nult.

535 3554 607 3587 sonas.
880 3546 920 3603 loy
933 3545 1097 3592 s'enlretuteot
1117 3549 1140 3591 et
1156 3548 1221 3603 culto
1239 3547 1320 3594 ludus
1333 3550 1425 3608 [ruppe

370 3607 515 3651 animamur
533 3652 610 3684 num.
878 3608 902 3652 si
919 3610 990 3679 qrunt
1009 3620 1070 3664 ceap
1089 3620 1133 3653 aar
1146 3608 1171 3652 la
1193 3612 1251 3681 teste
1274 3610 1304 3655 de
1327 3610 1424 3668 doben,

879 3668 939 3725 qc’u
952 3668 1024 3715 l’utal
1036 3669 1052 3714 d
1066 3673 1131 3716 terre
1141 3684 1172 3715 aa
1185 3670 1283 3723 desunt:

943 3760 1024 3802 Vlllalu,
1033 3769 1101 3803 pronun
1109 3771 1130 3795 cc
1138 3764 1220 3797 manuel.

523 3703 571 3735 blata
580 3711 631 3735 vous.

491 3756 557 3789 Jonas
569 3759 653 3791 ruerus.

646 3808 685 3846 lla,
698 3806 785 3840 Ribaultl
1400 3843 1405 3850 ,

532 3854 609 3887 nonan.
1007 3839 1054 3885 Fol.
1066 3851 1130 3896 xxii,
1145 3849 1181 3894 vo,
1191 3841 1235 3886 eol.
1244 3846 1272 3898 2,
1285 3842 1322 3888 td.
1334 3841 1423 3889 d'llarn

369 3911 399 3945 nu
410 3910 500 3951 manno,
513 3907 555 3940 nsi
1046 3901 1150 3958 lubian,
1163 3907 1224 3950 1539.

490 3960 557 3995 Jonas
567 3964 652 3993 marra.

570 4014 653 4046 vonna
664 4019 718 4045 aare
908 4003 937 4058 (l)
951 4000 1049 4056 Ccmot,
1061 4003 1422 4060 quen’indtquentnlracclolau

538 4067 614 4101 ausas.
882 4063 905 4106 nl
922 4063 943 4107 la
959 4064 1059 4108 nouvelle
1071 4065 1153 4109 edition
1166 4066 1193 4110 de
1208 4066 1237 4110 du
1250 4066 1338 4124 Gange,
1352 4073 1386 4113 est
1401 4068 1423 4112 le

380 4124 404 4155 m
412 4123 463 4155 ausui
474 4129 520 4154 vous
528 4124 638 4160 amporam-ez
936 4128 947 4150 ρ
1336 4151 1341 4162 Ι

376 4168 405 4200 ee
413 4176 460 4207 caup
469 4167 492 4198 ue
502 4174 533 4197 mn
541 4165 591 4197 man
601 4164 643 4195 aion
653 4162 706 4194 uasis.
884 4158 936 4201 grec
948 4142 1086 4203 Υπεργειος,
1101 4160 1209 4193 avocone
1222 4148 1291 4195 lorme
1302 4150 1378 4196 latine.
