3160 5196
608 464 714 520 -tut
733 496 772 506 -

251 658 254 663 Α
273 602 307 647 se
321 586 455 664 genibus
469 587 560 649 flexis
570 591 727 651 sterneret
740 595 814 652 ante
827 594 922 672 pedes
934 620 942 675 3

232 695 270 753 Et
282 693 470 772 persistebat
482 694 515 757 in
529 697 612 757 terra
625 695 709 758 siout
721 698 859 762 adorans
870 749 878 781 ,

272 798 370 862 donet
382 800 534 880 surgendi
547 801 639 881 signa
651 802 741 865 daret
751 806 928 871 Machomes
940 809 992 888 (1).

231 932 370 1011 Contigit
384 936 421 994 ut
431 934 544 996 fierent
555 934 618 997 iilic
628 936 780 999 solemnia
793 939 966 1021 quaedam,

272 1039 407 1121 adquae
420 1042 568 1106 convenit
581 1043 681 1122 patria
696 1046 762 1106 tuta
776 1046 862 1127 tere3

232 1151 291 1208 Per
303 1165 338 1209 se
350 1152 531 1230 magnates,
546 1168 649 1229 perse
662 1152 767 1232 plebs,
782 1155 814 1214 et
825 1153 986 1218 muliebris

273 1274 291 1317 a
303 1257 443 1320 maribus
457 1274 553 1320 sexus
567 1257 756 1323 dissociatus
768 1266 847 1324 erat.

232 1362 398 1425 Femineus
411 1380 508 1425 sexus
521 1363 554 1425 in
567 1364 671 1428 verbis
683 1384 808 1448 semper
820 1370 980 1452 abundatq

274 1472 390 1535 dixeris
404 1489 573 1552 areanum,
589 1473 643 1536 viia
653 1474 786 1538 reticere
798 1479 912 1557 potest.

231 1577 281 1640 Sic
296 1594 379 1639 uxor
391 1578 562 1640 Machnmis
576 1583 736 1643 conventu
748 1581 829 1644 dixit
841 1582 874 1645 in
886 1583 939 1645 itto

272 1699 353 1764 quae
367 1685 500 1747 celanda
512 1685 572 1747 sibi
586 1687 764 1751 crediderat
777 1692 965 1754 tmohomes.

232 1795 372 1871 Namque
386 1789 435 1852 sui
449 1790 525 1853 dum
542 1793 759 1872 quaeque'viri
772 1796 882 1858 landes
895 1802 1105 1878 memoraret,

272 1897 419 1961 omnibus
432 1898 500 1978 ipsa
517 1916 611 1961 suum
624 1901 808 1980 praeposuit
820 1905 1015 1967 ttachomem
1028 1954 1036 1984 ‚

234 2005 366 2068 Dicens:
384 2029 399 2064 ιι
414 2010 450 2067 ln
463 2006 577 2069 vestris
587 2006 744 2087 quidquid
759 2009 917 2072 laudabile
930 2015 1056 2073 constat

272 2114 366 2192 longe
379 2112 540 2192 praecellit
553 2113 586 2175 in
597 2115 794 2178 Machomete
804 2134 887 2180 meo.
1009 2103 1013 2113 ’

231 2219 313 2294 Quin
325 2219 440 2297 etiam,
454 2238 537 2284 nova
549 2220 575 2282 si
591 2239 654 2300 qua
668 2225 751 2283 Deus
760 2222 909 2302 proponit
921 2228 966 2297 (2)
979 2225 1120 2303 agenda,

272 2328 404 2406 angelus
417 2325 469 2388 iile
482 2343 554 2389 meo
566 2325 693 2388 nuntiat
706 2330 780 2389 ante
794 2326 862 2408 viro
874 2355 883 2408 3

231 2435 286 2514 nt,
301 2432 375 2512 quia
389 2432 528 2512 conjugii
543 2448 602 2495 nos
616 2436 724 2496 castus
735 2450 825 2496 amor
838 2433 914 2497 tacit
928 2452 1048 2514 unum,

269 2540 356 2602 nulla
371 2542 463 2620 putat
475 2540 655 2601 Machomes
668 2556 734 2602 non
748 2538 921 2618 retegenda
937 2538 1026 2603 mni.
1107 2538 1116 2559 ⁸

229 2646 329 2727 Unde,
344 2647 441 2709 [idem
455 2645 533 2708 mihi
546 2646 573 2708 si
590 2645 693 2709 tacitis
707 2649 829 2708 secreta
843 2648 952 2708 tenere

266 2753 449 2835 quae'vobis
461 2752 586 2833 dicam,
601 2752 681 2815 mira
696 2754 803 2815 futura
819 2754 941 2830 loquar.
960 2775 975 2808 ιι

228 2859 391 2922 Affirmant
403 2877 515 2922 omnes
529 2875 563 2920 se
577 2859 664 2920 nulla
679 2857 813 2936 prodere
824 2875 938 2937 eausa,

270 2968 371 3032 donec
385 2967 430 3030 eis
441 2967 620 3029 Machoures
637 2952 743 3044 ipsane
756 2963 937 3044 praecipiat.

160 3206 189 3261 (t)
204 3201 241 3247 On
258 3215 272 3248 a
289 3204 321 3248 dit
341 3202 402 3247 aussi
416 3214 463 3258 qne
485 3202 600 3248 Matromet
613 3202 674 3247 avait
709 3200 798 3246 tatibus
805 3201 918 3255 ortibus,
933 3204 969 3248 ch.
982 3216 1027 3258 ιιι,
1038 3217 1060 3260 p.
1071 3210 1113 3255 21.
1128 3207 1248 3266 at’appen-

134 3267 226 3311 habitae
235 3277 280 3309 une
290 3264 388 3310 cotombe
399 3265 411 3309 t
421 3266 481 3309 votcr
495 3276 533 3308 sur
547 3276 586 3309 son
595 3264 673 3321 epaute
708 3263 758 3308 dice
776 3264 806 3308 du
826 3263 977 3322 Gcoqroptc'a
995 3266 1140 3312 nebiensis:
1155 3270 1246 3315 Summa

134 3335 157 3374 et
168 3330 181 3374 a
191 3327 222 3371 tui
236 3327 358 3383 bouquetus
370 3325 472 3379 t’oreitte,
485 3331 508 3371 ct
521 3324 674 3381 qu’itpreton·
709 3324 862 3370 columbarum
882 3327 946 3383 copia
969 3328 1095 3384 invenitur3
1115 3342 1174 3386 quae
1193 3334 1247 3388 quia

35 3388 37 3396 '
134 3391 181 3435 dait
199 3390 300 3433 reecvoir
317 3389 348 3433 tes
361 3389 439 3433 ordres
457 3387 485 3431 de
504 3387 560 3431 Bieu
579 3399 619 3444 par
632 3399 672 3431 son
708 3391 760 3430 sunt
778 3386 805 3430 de
822 3398 903 3442 genere
917 3393 985 3444 atque
998 3390 1066 3446 stirpe
1084 3392 1133 3446 ejus
1148 3404 1207 3448 quae
1218 3395 1246 3438 ad

134 3450 314 3506 intermediair03
326 3459 396 3506 noyez
417 3448 526 3505 Scaliger,
550 3447 622 3495 Notae
645 3448 673 3492 in
708 3448 846 3494 Mahomedis
859 3460 926 3494 aures
946 3451 982 3505 (ut
996 3451 1143 3497 idostemauni
1157 3467 1248 3510 nugan-

133 3513 277 3564 Montttacm
293 3513 396 3567 Grotius,
410 3512 444 3556 De
458 3511 559 3556 cecitate
569 3510 674 3567 calipto·
708 3510 756 3565 tur)
770 3511 905 3566 accedebat‚
920 3523 946 3555 eo
960 3511 1040 3569 pollent
1056 3514 1170 3571 privilegio
1179 3522 1247 3573 atque

133 3574 348 3628 desercosanae,
369 3575 384 3618 t.
403 3585 438 3625 rr,
460 3586 483 3630 p.
504 3577 557 3625 ¹⁰23
580 3572 672 3626 Nande,
709 3572 857 3627 securitate,
878 3579 903 3616 ut
923 3585 966 3617 non
989 3575 1059 3618 sotum
1077 3588 1115 3620 eas
1131 3578 1247 3633 occidere,

134 3636 211 3694 Coups
225 3635 310 3692 fetat,
325 3637 361 3682 ch.
377 3647 417 3690 nr,
431 3647 451 3690 p.
466 3638 518 3687 322,
540 3639 562 3678 ct
581 3633 612 3678 Μ.
630 3634 673 3678 Di·
709 3633 746 3677 sed
758 3638 797 3677 aut
807 3644 887 3689 capere
896 3640 935 3679 ant
947 3634 1023 3691 fugare
1035 3637 1155 3682 uetescssc
1169 3640 1248 3683 existi-

133 3700 202 3753 dron,
220 3697 391 3755 lcmcoproptrtc
411 3695 563 3750 etruscum,
584 3708 606 3752 p.
620 3699 670 3741 160.
709 3701 778 3739 ment.
795 3696 825 3740 Le
837 3696 918 3741 silence
932 3709 974 3752 que
985 3698 1078 3754 gardent
1097 3700 1211 3744 Hildebert
1224 3709 1248 3746 ct

134 3760 248 3815 Pococke,
259 3759 383 3816 Spectmen
391 3757 558 3803 historicorum
565 3757 673 3812 arabeum,
708 3756 811 3802 Gatterus
824 3769 907 3813 prouve
919 3761 1042 3815 dependant
1057 3771 1101 3816 qne
1110 3767 1169 3806 cette
1179 3764 1248 3808 tradi·

133 3827 209 3876 notes,
228 3834 251 3877 p.
271 3825 317 3874 18¹1,
335 3828 357 3866 et
371 3820 472 3874 Gibtron,
487 3818 593 3863 Histoire
607 3819 635 3864 dc
649 3817 674 3862 la
709 3818 754 3863 tion
768 3818 844 3863 n’etait
861 3831 902 3875 pas
922 3820 966 3864 tort
978 3822 1092 3877 repandus
1112 3824 1208 3879 pendant
1226 3825 1247 3871 te

132 3881 264 3927 dcccdcncc
278 3883 306 3926 dc
316 3881 432 3939 t'Empirc
446 3879 553 3935 romain,
568 3886 583 3925 1.
597 3881 632 3935 X,
645 3892 669 3937 p.
708 3880 856 3936 mustuole,
870 3882 980 3938 quoique,
995 3884 1051 3927 ainsi
1065 3884 1133 3940 qu’ou
1146 3885 1166 3930 te
1179 3899 1246 3933 verra

133 3954 186 4000 194,
206 3954 257 3993 note
277 3954 302 4003 t,
320 3953 360 3992 ont
379 3946 457 3992 assurt
470 3945 597 4001 qu'aucune
610 3952 672 3991 traee
708 3943 756 3998 ptus
775 3943 828 3997 bas,
846 3942 979 3988 Vincentius
998 3945 1026 3988 de
1039 3945 1150 3991 Beauvais
1163 3959 1191 4013 en
1206 3953 1245 3994 cut

131 4011 160 4055 de
174 4015 233 4055 cette
245 4010 348 4055 tradition
360 4022 388 4054 ne
399 4021 423 4053 se
433 4008 531 4053 nouvait
544 4020 572 4052 en
582 4009 672 4061 Orient3
709 4006 869 4050 connaissance
879 4006 934 4051 dans
943 4005 962 4049 tc
974 4005 1053 4050 xrtte.

133 4072 190 4116 mais
205 4085 235 4117 on
252 4073 278 4117 tit
300 4073 355 4117 dans
376 4070 464 4116 Gabriel
483 4069 567 4115 Sionita
580 4076 603 4115 et
616 4071 672 4115 Jean
733 4078 763 4133 (ς)
777 4076 889 4134 Disponit
900 4076 956 4121 dans
969 4078 996 4122 Α,

133 4134 268 4191 noscenda,
285 4133 408 4178 Tractatus
422 4133 450 4176 dc
460 4130 582 4178 modullis
591 4133 673 4177 orico-

1108 4183 1143 4239 26
