3146 5192
565 461 603 468 -
621 432 675 485 109
689 460 728 468 —

359 556 426 617 Vita
439 554 567 634 mundi,
589 572 638 616 res
651 555 789 634 caduca,

356 662 447 725 vilior
461 678 524 722 una
537 662 677 739 festuca,

356 782 514 827 venenosa
530 765 600 842 plus
613 767 774 841 serpente,

356 888 414 932 eur
426 870 460 931 in
471 886 541 930 mea
556 885 666 929 manes
679 870 807 928 mente?

356 1019 424 1082 vita
438 1019 567 1099 mundi,
583 1036 634 1080 res
647 1018 807 1099 maligna,

357 1130 393 1187 ut
407 1124 522 1187 ameris
535 1141 700 1204 nunquam
712 1122 826 1203 digna,

357 1230 432 1309 quid
445 1233 539 1308 putas
553 1228 608 1291 tibi
622 1228 791 1307 prodesse,

357 1334 382 1394 si
394 1351 443 1394 me
458 1332 558 1394 ducas
572 1331 613 1393 ad
625 1349 691 1393 non
703 1335 794 1393 esse?

356 1493 424 1555 Vita
437 1493 565 1572 mundi,
576 1509 631 1555 res
644 1489 798 1569 erudelis,

356 1613 509 1675 arrogans
521 1599 554 1656 et
565 1592 718 1673 infidelis,

356 1695 431 1775 quid
441 1700 472 1757 te
481 1700 575 1775 putas
584 1697 625 1757 ad
633 1694 964 1773 ivitare(l.adjuvare),

356 1802 381 1864 si
396 1802 565 1882 compellas
578 1818 629 1863 me
642 1816 774 1879 peecare
787 1803 798 1859 ?

355 1952 423 2014 Vita
436 1951 565 2031 mundi,
579 1968 630 2013 res
645 1952 784 2031 misella,

355 2061 509 2123 scelerum
522 2060 711 2127 cunctorum
725 2058 821 2135 cella,

356 2162 541 2226 fornicatrix
555 2165 588 2224 et
600 2179 713 2240 avara,

359 2286 415 2330 eur
429 2257 555 2330 haberis
568 2285 709 2347 unquam
723 2272 819 2330 cara?

356 2414 424 2476 Vita
437 2414 565 2496 mundi,
580 2416 677 2494 pestis
688 2416 787 2495 dura,

356 2519 425 2581 Vita
439 2520 578 2582 mendax
591 2524 624 2581 et
636 2523 780 2600 perjura,

356 2642 430 2685 eum
443 2627 480 2685 tu
493 2625 536 2686 sis
549 2625 618 2687 sine
631 2643 800 2703 mensure,

357 2748 414 2791 cur
425 2728 560 2809 requiris
573 2730 606 2791 in
619 2748 670 2791 me
680 2732 775 2809 Jura?

356 2870 425 2932 Vita
439 2868 568 2948 mundi,
584 2886 635 2930 res
645 2869 779 2948 acerba,

357 2974 426 3036 Vita
436 2972 514 3035 levis
525 2976 557 3034 et
570 2973 722 3051 superba,

357 3095 430 3139 eum
442 3077 484 3139 sis
497 3075 591 3138 nimis
602 3075 773 3156 iracunda,

358 3199 416 3244 cur
428 3199 479 3243 me
492 3180 573 3260 petis
583 3179 776 3242 furibunda?

358 3321 427 3382 Vita
439 3319 561 3401 mundi,
576 3337 627 3381 res
640 3319 783 3401 deserta,

358 3422 426 3484 vita
440 3423 537 3484 fallax
552 3425 585 3482 et
596 3421 733 3501 ineerta,

359 3546 431 3592 eum
444 3531 480 3590 tu
493 3528 537 3590 sis
549 3526 629 3589 einis
642 3531 674 3587 et
686 3527 818 3608 vermis,

357 3636 433 3716 quid
446 3637 486 3698 de
499 3653 661 3716 mraquam
674 3634 835 3697 definiris?

359 3775 428 3838 vita
441 3774 568 3856 mundi,
584 3792 635 3836 res
648 3776 786 3854 polluta,

360 3883 504 3962 garrula,
519 3898 619 3963 vaga,
635 3880 756 3959 soluta,

358 4005 431 4049 eum
444 3988 486 4050 sis
500 3989 568 4048 tota
581 3988 674 4066 plena
687 3984 798 4063 unge,

360 4098 470 4158 eontra
484 4111 535 4155 me
548 4110 605 4155 eur
618 4094 714 4154 stulta
729 4090 839 4168 rugis?
