<?xml version="1.0" encoding="UTF-8"?>
<!DOCTYPE html PUBLIC "-//W3C//DTD XHTML 1.0 Transitional//EN"
    "http://www.w3.org/TR/xhtml1/DTD/xhtml1-transitional.dtd">
<html xmlns="http://www.w3.org/1999/xhtml" xml:lang="en" lang="en">
 <head>
  <title>
</title>
<meta http-equiv="Content-Type" content="text/html;charset=utf-8" />
  <meta name='ocr-system' content='tesseract 3.04.00' />
  <meta name='ocr-capabilities' content='ocr_page ocr_carea ocr_par ocr_line ocrx_word'/>
</head>
<body>
  <div class='ocr_page' id='page_1' title='image "./posiespopulaire04mrgoog_0191.png"; bbox 0 0 3146 5192; ppageno 0'>
   <div class='ocr_carea' id='block_1_1' title="bbox 607 542 771 597">
    <p class='ocr_par' dir='ltr' id='par_1_1' title="bbox 607 542 771 597">
     <span class='ocr_line' id='line_1_1' title="bbox 607 542 771 597; baseline -0.006 0"><span class='ocrx_word' id='word_1_1' title='bbox 607 542 771 597; x_wconf 83' lang='lat'>-175-</span> 
     </span>
    </p>
   </div>
   <div class='ocr_carea' id='block_1_2' title="bbox 227 664 1063 1063">
    <p class='ocr_par' dir='ltr' id='par_1_2' title="bbox 227 664 1063 852">
     <span class='ocr_line' id='line_1_2' title="bbox 228 664 1063 745; baseline -0.001 -19"><span class='ocrx_word' id='word_1_2' title='bbox 228 666 307 726; x_wconf 86' lang='lat' dir='ltr'><strong>Ecce</strong></span> <span class='ocrx_word' id='word_1_3' title='bbox 321 665 425 744; x_wconf 91' lang='lat' dir='ltr'><strong>palam</strong></span> <span class='ocrx_word' id='word_1_4' title='bbox 437 664 622 744; x_wconf 90' lang='lat' dir='ltr'><strong>praedicant</strong></span> <span class='ocrx_word' id='word_1_5' title='bbox 633 665 720 745; x_wconf 84' lang='lat' dir='ltr'><strong>qnod</strong></span> <span class='ocrx_word' id='word_1_6' title='bbox 736 668 864 728; x_wconf 91' lang='lat' dir='ltr'><strong>nonest</strong></span> <span class='ocrx_word' id='word_1_7' title='bbox 880 668 1063 744; x_wconf 84' lang='lat' dir='ltr'><strong>peccatum,</strong></span> 
     </span>
     <span class='ocr_line' id='line_1_3' title="bbox 227 770 912 852; baseline 0.001 -21"><span class='ocrx_word' id='word_1_8' title='bbox 227 770 362 833; x_wconf 88' lang='lat' dir='ltr'><strong>retinere</strong></span> <span class='ocrx_word' id='word_1_9' title='bbox 377 770 533 852; x_wconf 80' lang='lat' dir='ltr'><strong>decimas,</strong></span> <span class='ocrx_word' id='word_1_10' title='bbox 549 771 635 851; x_wconf 91' lang='lat' dir='ltr'><strong>qnod</strong></span> <span class='ocrx_word' id='word_1_11' title='bbox 647 775 696 834; x_wconf 91' lang='lat' dir='ltr'><strong>est</strong></span> <span class='ocrx_word' id='word_1_12' title='bbox 707 774 912 852; x_wconf 90' lang='lat' dir='ltr'><strong>reprobatum</strong></span> 
     </span>
    </p>

    <p class='ocr_par' dir='ltr' id='par_1_3' title="bbox 227 878 960 1063">
     <span class='ocr_line' id='line_1_4' title="bbox 227 878 960 958; baseline 0.001 -20"><span class='ocrx_word' id='word_1_13' title='bbox 227 894 283 955; x_wconf 91' lang='lat' dir='ltr'><strong>per</strong></span> <span class='ocrx_word' id='word_1_14' title='bbox 295 895 461 940; x_wconf 78' lang='lat' dir='ltr'>romanam</span> <span class='ocrx_word' id='word_1_15' title='bbox 475 878 601 941; x_wconf 84' lang='lat' dir='ltr'><strong>Curiam</strong></span> <span class='ocrx_word' id='word_1_16' title='bbox 615 883 647 940; x_wconf 91' lang='lat' dir='ltr'><strong>et</strong></span> <span class='ocrx_word' id='word_1_17' title='bbox 660 878 740 958; x_wconf 83' lang='lat' dir='ltr'><strong>legis</strong></span> <span class='ocrx_word' id='word_1_18' title='bbox 753 878 960 957; x_wconf 77' lang='lat' dir='ltr'><strong>mandatnm,</strong></span> 
     </span>
     <span class='ocr_line' id='line_1_5' title="bbox 231 984 846 1063; baseline 0.002 -17"><span class='ocrx_word' id='word_1_19' title='bbox 231 984 406 1063; x_wconf 78' lang='lat' dir='ltr'>Augustino</span> <span class='ocrx_word' id='word_1_20' title='bbox 421 985 516 1048; x_wconf 91' lang='lat' dir='ltr'><strong>etiam</strong></span> <span class='ocrx_word' id='word_1_21' title='bbox 531 985 660 1049; x_wconf 88' lang='lat' dir='ltr'><strong>decreto</strong></span> <span class='ocrx_word' id='word_1_22' title='bbox 674 986 846 1048; x_wconf 88' lang='lat' dir='ltr'><strong>firmatum.</strong></span> 
     </span>
    </p>
   </div>
   <div class='ocr_carea' id='block_1_3' title="bbox 225 1118 1216 1524">
    <p class='ocr_par' dir='ltr' id='par_1_4' title="bbox 225 1118 930 1199">
     <span class='ocr_line' id='line_1_6' title="bbox 225 1118 930 1199; baseline -0.007 -14"><span class='ocrx_word' id='word_1_23' title='bbox 225 1127 343 1185; x_wconf 85' lang='lat' dir='ltr'><strong>Vemm</strong></span> <span class='ocrx_word' id='word_1_24' title='bbox 357 1121 397 1183; x_wconf 91' lang='lat' dir='ltr'><strong>de</strong></span> <span class='ocrx_word' id='word_1_25' title='bbox 411 1118 581 1182; x_wconf 89' lang='lat' dir='ltr'><strong>concordia</strong></span> <span class='ocrx_word' id='word_1_26' title='bbox 596 1121 757 1199; x_wconf 88' lang='lat' dir='ltr'><strong>quaejam</strong></span> <span class='ocrx_word' id='word_1_27' title='bbox 771 1120 930 1199; x_wconf 68' lang='lat' dir='ltr'><strong>exulavit,</strong></span> 
     </span>
    </p>

    <p class='ocr_par' dir='ltr' id='par_1_5' title="bbox 225 1219 1216 1417">
     <span class='ocr_line' id='line_1_7' title="bbox 225 1219 1216 1310; baseline -0.013 -17"><span class='ocrx_word' id='word_1_28' title='bbox 225 1230 353 1310; x_wconf 88' lang='lat' dir='ltr'><strong>quidam</strong></span> <span class='ocrx_word' id='word_1_29' title='bbox 367 1227 600 1306; x_wconf 82' lang='lat' dir='ltr'><strong>fidedignorum</strong></span> <span class='ocrx_word' id='word_1_30' title='bbox 612 1228 646 1302; x_wconf 87' lang='lat' dir='ltr'><strong>(l.</strong></span> <span class='ocrx_word' id='word_1_31' title='bbox 659 1226 732 1289; x_wconf 88' lang='lat' dir='ltr'><strong>tidei</strong></span> <span class='ocrx_word' id='word_1_32' title='bbox 747 1227 898 1307; x_wconf 71' lang='lat' dir='ltr'><strong>dignust)</strong></span> <span class='ocrx_word' id='word_1_33' title='bbox 911 1226 957 1289; x_wconf 90' lang='lat' dir='ltr'><strong>sic</strong></span> <span class='ocrx_word' id='word_1_34' title='bbox 968 1224 1046 1287; x_wconf 91' lang='lat' dir='ltr'><strong>mibi</strong></span> <span class='ocrx_word' id='word_1_35' title='bbox 1059 1219 1216 1299; x_wconf 82' lang='lat' dir='ltr'><strong>narravit,</strong></span> 
     </span>
     <span class='ocr_line' id='line_1_8' title="bbox 225 1316 925 1417; baseline -0.007 -18"><span class='ocrx_word' id='word_1_36' title='bbox 225 1336 278 1417; x_wconf 88' lang='lat' dir='ltr'><strong>qni</strong></span> <span class='ocrx_word' id='word_1_37' title='bbox 291 1316 545 1399; x_wconf 58' lang='lat' dir='ltr'><strong>cisterciensium</strong></span> <span class='ocrx_word' id='word_1_38' title='bbox 560 1334 706 1397; x_wconf 82' lang='lat' dir='ltr'><strong>ordinem</strong></span> <span class='ocrx_word' id='word_1_39' title='bbox 720 1334 870 1410; x_wconf 81' lang='lat' dir='ltr'><strong>intravit(</strong></span> <span class='ocrx_word' id='word_1_40' title='bbox 896 1338 925 1413; x_wconf 79' lang='grc'><strong>),</strong></span> 
     </span>
    </p>

    <p class='ocr_par' dir='ltr' id='par_1_6' title="bbox 227 1441 970 1524">
     <span class='ocr_line' id='line_1_9' title="bbox 227 1441 970 1524; baseline -0.008 -19"><span class='ocrx_word' id='word_1_41' title='bbox 227 1444 430 1524; x_wconf 90' lang='lat' dir='ltr'><strong>ipsorumque</strong></span> <span class='ocrx_word' id='word_1_42' title='bbox 443 1442 590 1505; x_wconf 91' lang='lat' dir='ltr'><strong>manibus</strong></span> <span class='ocrx_word' id='word_1_43' title='bbox 604 1460 639 1504; x_wconf 91' lang='lat' dir='ltr'><strong>se</strong></span> <span class='ocrx_word' id='word_1_44' title='bbox 650 1441 948 1517; x_wconf 87' lang='lat' dir='ltr'><strong>recom(m)endavit</strong></span> <span class='ocrx_word' id='word_1_45' title='bbox 964 1487 970 1499; x_wconf 94' lang='lat'><strong>.</strong></span> 
     </span>
    </p>
   </div>
   <div class='ocr_carea' id='block_1_4' title="bbox 227 1583 930 1985">
    <p class='ocr_par' dir='ltr' id='par_1_7' title="bbox 227 1583 930 1985">
     <span class='ocr_line' id='line_1_10' title="bbox 228 1583 892 1663; baseline 0 -18"><span class='ocrx_word' id='word_1_46' title='bbox 228 1588 351 1647; x_wconf 91' lang='lat' dir='ltr'><strong>Fratres</strong></span> <span class='ocrx_word' id='word_1_47' title='bbox 364 1602 435 1646; x_wconf 92' lang='lat' dir='ltr'><strong>eam</strong></span> <span class='ocrx_word' id='word_1_48' title='bbox 450 1583 589 1663; x_wconf 82' lang='lat' dir='ltr'><strong>diligunt</strong></span> <span class='ocrx_word' id='word_1_49' title='bbox 601 1587 634 1645; x_wconf 92' lang='lat' dir='ltr'><strong>et</strong></span> <span class='ocrx_word' id='word_1_50' title='bbox 645 1584 765 1645; x_wconf 90' lang='lat' dir='ltr'><strong>habent</strong></span> <span class='ocrx_word' id='word_1_51' title='bbox 777 1583 892 1646; x_wconf 89' lang='lat' dir='ltr'><strong>honori</strong></span> 
     </span>
     <span class='ocr_line' id='line_1_11' title="bbox 228 1688 930 1770; baseline -0.001 -17"><span class='ocrx_word' id='word_1_52' title='bbox 228 1709 285 1754; x_wconf 90' lang='lat' dir='ltr'><strong>nec</strong></span> <span class='ocrx_word' id='word_1_53' title='bbox 299 1691 400 1770; x_wconf 82' lang='lat' dir='ltr'><strong>ipsam</strong></span> <span class='ocrx_word' id='word_1_54' title='bbox 414 1690 611 1753; x_wconf 85' lang='lat' dir='ltr'><strong>dimitterent</strong></span> <span class='ocrx_word' id='word_1_55' title='bbox 624 1689 650 1752; x_wconf 93' lang='lat' dir='ltr'><strong>si</strong></span> <span class='ocrx_word' id='word_1_56' title='bbox 666 1689 819 1751; x_wconf 89' lang='lat' dir='ltr'><strong>deberent</strong></span> <span class='ocrx_word' id='word_1_57' title='bbox 831 1688 930 1769; x_wconf 77' lang='lat' dir='ltr'><strong>mori,</strong></span> 
     </span>
     <span class='ocr_line' id='line_1_12' title="bbox 228 1795 867 1877; baseline -0.005 -18"><span class='ocrx_word' id='word_1_58' title='bbox 228 1796 282 1859; x_wconf 91' lang='lat' dir='ltr'><strong>sed</strong></span> <span class='ocrx_word' id='word_1_59' title='bbox 296 1814 407 1877; x_wconf 86' lang='lat' dir='ltr'><strong>preces</strong></span> <span class='ocrx_word' id='word_1_60' title='bbox 420 1795 563 1877; x_wconf 86' lang='lat' dir='ltr'><strong>quotidie</strong></span> <span class='ocrx_word' id='word_1_61' title='bbox 577 1796 717 1858; x_wconf 84' lang='lat' dir='ltr'><strong>fundunt</strong></span> <span class='ocrx_word' id='word_1_62' title='bbox 728 1795 867 1858; x_wconf 84' lang='lat' dir='ltr'><strong>Creatori</strong></span> 
     </span>
     <span class='ocr_line' id='line_1_13' title="bbox 227 1902 866 1985; baseline -0.003 -19"><span class='ocrx_word' id='word_1_63' title='bbox 227 1904 312 1984; x_wconf 88' lang='lat' dir='ltr'><strong>quod</strong></span> <span class='ocrx_word' id='word_1_64' title='bbox 324 1904 410 1984; x_wconf 88' lang='lat' dir='ltr'><strong>ipsos</strong></span> <span class='ocrx_word' id='word_1_65' title='bbox 423 1903 629 1966; x_wconf 85' lang='lat' dir='ltr'><strong>confoederet</strong></span> <span class='ocrx_word' id='word_1_66' title='bbox 642 1903 741 1985; x_wconf 91' lang='lat' dir='ltr'><strong>ipsius</strong></span> <span class='ocrx_word' id='word_1_67' title='bbox 755 1902 866 1965; x_wconf 90' lang='lat' dir='ltr'><strong>amori.</strong></span> 
     </span>
    </p>
   </div>
   <div class='ocr_carea' id='block_1_5' title="bbox 226 2037 1049 2441">
    <p class='ocr_par' dir='ltr' id='par_1_8' title="bbox 227 2037 873 2117">
     <span class='ocr_line' id='line_1_14' title="bbox 227 2037 873 2117; baseline -0.005 -16"><span class='ocrx_word' id='word_1_68' title='bbox 227 2041 417 2101; x_wconf 80' lang='lat' dir='ltr'><strong>tinnuerunt</strong></span> <span class='ocrx_word' id='word_1_69' title='bbox 430 2041 572 2100; x_wconf 89' lang='lat' dir='ltr'><strong>attamen</strong></span> <span class='ocrx_word' id='word_1_70' title='bbox 588 2037 688 2117; x_wconf 84' lang='lat' dir='ltr'><strong>ipsam</strong></span> <span class='ocrx_word' id='word_1_71' title='bbox 706 2040 742 2099; x_wconf 95' lang='lat' dir='ltr'><strong>ut</strong></span> <span class='ocrx_word' id='word_1_72' title='bbox 756 2037 873 2099; x_wconf 84' lang='lat' dir='ltr'><strong>rediret</strong></span> 
     </span>
    </p>

    <p class='ocr_par' dir='ltr' id='par_1_9' title="bbox 226 2143 867 2223">
     <span class='ocr_line' id='line_1_15' title="bbox 226 2143 867 2223; baseline -0.006 -15"><span class='ocrx_word' id='word_1_73' title='bbox 226 2146 267 2208; x_wconf 92' lang='lat' dir='ltr'><strong>ad</strong></span> <span class='ocrx_word' id='word_1_74' title='bbox 280 2163 446 2209; x_wconf 90' lang='lat' dir='ltr'><strong>romanam</strong></span> <span class='ocrx_word' id='word_1_75' title='bbox 459 2144 585 2208; x_wconf 84' lang='lat' dir='ltr'><strong>Curiam</strong></span> <span class='ocrx_word' id='word_1_76' title='bbox 600 2147 633 2206; x_wconf 91' lang='lat' dir='ltr'><strong>et</strong></span> <span class='ocrx_word' id='word_1_77' title='bbox 646 2162 720 2206; x_wconf 93' lang='lat' dir='ltr'><strong>cum</strong></span> <span class='ocrx_word' id='word_1_78' title='bbox 732 2143 778 2205; x_wconf 91' lang='lat' dir='ltr'><strong>eis</strong></span> <span class='ocrx_word' id='word_1_79' title='bbox 789 2143 867 2223; x_wconf 77' lang='lat' dir='ltr'><strong>iret3</strong></span> 
     </span>
    </p>

    <p class='ocr_par' dir='ltr' id='par_1_10' title="bbox 226 2250 1049 2441">
     <span class='ocr_line' id='line_1_16' title="bbox 226 2250 1049 2332; baseline -0.004 -18"><span class='ocrx_word' id='word_1_80' title='bbox 226 2271 308 2332; x_wconf 88' lang='lat' dir='ltr'><strong>qnae</strong></span> <span class='ocrx_word' id='word_1_81' title='bbox 321 2251 485 2332; x_wconf 88' lang='lat' dir='ltr'><strong>respondit</strong></span> <span class='ocrx_word' id='word_1_82' title='bbox 498 2251 610 2314; x_wconf 85' lang='lat' dir='ltr'><strong>flebilis</strong></span> <span class='ocrx_word' id='word_1_83' title='bbox 629 2251 717 2331; x_wconf 86' lang='lat' dir='ltr'><strong>quod</strong></span> <span class='ocrx_word' id='word_1_84' title='bbox 731 2268 895 2331; x_wconf 85' lang='lat' dir='ltr'><strong>nunquam</strong></span> <span class='ocrx_word' id='word_1_85' title='bbox 910 2250 1049 2329; x_wconf 78' lang='lat' dir='ltr'><strong>veniret,</strong></span> 
     </span>
     <span class='ocr_line' id='line_1_17' title="bbox 227 2358 912 2441; baseline -0.006 -18"><span class='ocrx_word' id='word_1_86' title='bbox 227 2360 379 2441; x_wconf 91' lang='lat' dir='ltr'><strong>quamdin</strong></span> <span class='ocrx_word' id='word_1_87' title='bbox 392 2360 426 2423; x_wconf 96' lang='lat' dir='ltr'><strong>in</strong></span> <span class='ocrx_word' id='word_1_88' title='bbox 438 2359 530 2423; x_wconf 85' lang='lat' dir='ltr'><strong>Curia</strong></span> <span class='ocrx_word' id='word_1_89' title='bbox 544 2359 657 2422; x_wconf 90' lang='lat' dir='ltr'><strong>doctos</strong></span> <span class='ocrx_word' id='word_1_90' title='bbox 669 2361 794 2420; x_wconf 85' lang='lat' dir='ltr'><strong>Fratres</strong></span> <span class='ocrx_word' id='word_1_91' title='bbox 807 2358 912 2421; x_wconf 89' lang='lat' dir='ltr'><strong>sciret.</strong></span> 
     </span>
    </p>
   </div>
   <div class='ocr_carea' id='block_1_6' title="bbox 227 2491 963 2875">
    <p class='ocr_par' dir='ltr' id='par_1_11' title="bbox 227 2491 963 2875">
     <span class='ocr_line' id='line_1_18' title="bbox 227 2491 918 2573; baseline -0.007 -15"><span class='ocrx_word' id='word_1_92' title='bbox 227 2495 263 2558; x_wconf 88' lang='lat' dir='ltr'><strong>Hi</strong></span> <span class='ocrx_word' id='word_1_93' title='bbox 276 2499 401 2558; x_wconf 81' lang='lat' dir='ltr'><strong>Fratres</strong></span> <span class='ocrx_word' id='word_1_94' title='bbox 414 2493 622 2572; x_wconf 71' lang='lat' dir='ltr'><strong>discordiam,</strong></span> <span class='ocrx_word' id='word_1_95' title='bbox 636 2492 724 2573; x_wconf 83' lang='lat' dir='ltr'><strong>pacis</strong></span> <span class='ocrx_word' id='word_1_96' title='bbox 740 2491 918 2571; x_wconf 86' lang='lat' dir='ltr'><strong>inimicam,</strong></span> 
     </span>
     <span class='ocr_line' id='line_1_19' title="bbox 228 2598 933 2682; baseline -0.007 -17"><span class='ocrx_word' id='word_1_97' title='bbox 228 2602 362 2682; x_wconf 79' lang='lat' dir='ltr'><strong>ei[s]nue</strong></span> <span class='ocrx_word' id='word_1_98' title='bbox 376 2601 570 2665; x_wconf 89' lang='lat' dir='ltr'><strong>contrariam</strong></span> <span class='ocrx_word' id='word_1_99' title='bbox 584 2604 616 2663; x_wconf 90' lang='lat' dir='ltr'><strong>et</strong></span> <span class='ocrx_word' id='word_1_100' title='bbox 630 2601 756 2662; x_wconf 87' lang='lat' dir='ltr'><strong>hostem</strong></span> <span class='ocrx_word' id='word_1_101' title='bbox 770 2598 933 2679; x_wconf 88' lang='lat' dir='ltr'><strong>antiquam</strong></span> 
     </span>
     <span class='ocr_line' id='line_1_20' title="bbox 228 2704 963 2789; baseline -0.001 -21"><span class='ocrx_word' id='word_1_102' title='bbox 228 2709 351 2789; x_wconf 75' lang='lat' dir='ltr'><strong>fovent,</strong></span> <span class='ocrx_word' id='word_1_103' title='bbox 367 2711 399 2769; x_wconf 91' lang='lat' dir='ltr'><strong>et</strong></span> <span class='ocrx_word' id='word_1_104' title='bbox 412 2706 616 2770; x_wconf 90' lang='lat' dir='ltr'><strong>concordiam</strong></span> <span class='ocrx_word' id='word_1_105' title='bbox 631 2708 745 2785; x_wconf 84' lang='lat' dir='ltr'><strong>fugant</strong></span> <span class='ocrx_word' id='word_1_106' title='bbox 759 2708 795 2768; x_wconf 90' lang='lat' dir='ltr'><strong>ut</strong></span> <span class='ocrx_word' id='word_1_107' title='bbox 806 2704 963 2785; x_wconf 80' lang='lat' dir='ltr'><strong>iniquam,</strong></span> 
     </span>
     <span class='ocr_line' id='line_1_21' title="bbox 230 2811 889 2875; baseline -0.002 0"><span class='ocrx_word' id='word_1_108' title='bbox 230 2813 305 2875; x_wconf 91' lang='lat' dir='ltr'><strong>dum</strong></span> <span class='ocrx_word' id='word_1_109' title='bbox 315 2813 451 2875; x_wconf 87' lang='lat' dir='ltr'><strong>latenter</strong></span> <span class='ocrx_word' id='word_1_110' title='bbox 463 2812 535 2874; x_wconf 93' lang='lat' dir='ltr'><strong>liliis</strong></span> <span class='ocrx_word' id='word_1_111' title='bbox 549 2811 727 2874; x_wconf 90' lang='lat' dir='ltr'><strong>immiscent</strong></span> <span class='ocrx_word' id='word_1_112' title='bbox 744 2813 889 2874; x_wconf 89' lang='lat' dir='ltr'><strong>urticam.</strong></span> 
     </span>
    </p>
   </div>
   <div class='ocr_carea' id='block_1_7' title="bbox 229 2945 974 3349">
    <p class='ocr_par' dir='ltr' id='par_1_12' title="bbox 230 2945 851 3028">
     <span class='ocr_line' id='line_1_22' title="bbox 230 2945 851 3028; baseline 0 -19"><span class='ocrx_word' id='word_1_113' title='bbox 230 2950 292 3010; x_wconf 87' lang='lat' dir='ltr'><strong>Deo</strong></span> <span class='ocrx_word' id='word_1_114' title='bbox 307 2950 340 3008; x_wconf 88' lang='lat' dir='ltr'><strong>et</strong></span> <span class='ocrx_word' id='word_1_115' title='bbox 352 2945 534 3009; x_wconf 91' lang='lat' dir='ltr'><strong>hominibus</strong></span> <span class='ocrx_word' id='word_1_116' title='bbox 548 2949 581 3007; x_wconf 91' lang='lat' dir='ltr'><strong>et</strong></span> <span class='ocrx_word' id='word_1_117' title='bbox 592 2945 673 3008; x_wconf 90' lang='lat' dir='ltr'><strong>mari</strong></span> <span class='ocrx_word' id='word_1_118' title='bbox 687 2949 719 3008; x_wconf 91' lang='lat' dir='ltr'><strong>et</strong></span> <span class='ocrx_word' id='word_1_119' title='bbox 732 2948 851 3028; x_wconf 84' lang='lat' dir='ltr'><strong>ventis,</strong></span> 
     </span>
    </p>

    <p class='ocr_par' dir='ltr' id='par_1_13' title="bbox 229 3054 974 3349">
     <span class='ocr_line' id='line_1_23' title="bbox 230 3054 974 3135; baseline 0 -18"><span class='ocrx_word' id='word_1_120' title='bbox 230 3054 288 3118; x_wconf 87' lang='lat' dir='ltr'><strong>toti</strong></span> <span class='ocrx_word' id='word_1_121' title='bbox 301 3054 422 3117; x_wconf 92' lang='lat' dir='ltr'><strong>mundo</strong></span> <span class='ocrx_word' id='word_1_122' title='bbox 437 3071 635 3135; x_wconf 86' lang='lat' dir='ltr'><strong>conqueror,</strong></span> <span class='ocrx_word' id='word_1_123' title='bbox 652 3072 778 3117; x_wconf 91' lang='lat' dir='ltr'><strong>necnon</strong></span> <span class='ocrx_word' id='word_1_124' title='bbox 792 3055 974 3134; x_wconf 78' lang='lat' dir='ltr'><strong>elementis,</strong></span> 
     </span>
     <span class='ocr_line' id='line_1_24' title="bbox 230 3159 908 3242; baseline 0.001 -18"><span class='ocrx_word' id='word_1_125' title='bbox 230 3162 269 3224; x_wconf 92' lang='lat' dir='ltr'><strong>de</strong></span> <span class='ocrx_word' id='word_1_126' title='bbox 282 3160 413 3242; x_wconf 89' lang='lat' dir='ltr'><strong>perditis</strong></span> <span class='ocrx_word' id='word_1_127' title='bbox 423 3159 585 3222; x_wconf 80' lang='lat' dir='ltr'><strong>Fratribus</strong></span> <span class='ocrx_word' id='word_1_128' title='bbox 599 3160 653 3241; x_wconf 91' lang='lat' dir='ltr'><strong>qui</strong></span> <span class='ocrx_word' id='word_1_129' title='bbox 668 3161 734 3224; x_wconf 88' lang='lat' dir='ltr'><strong>suis</strong></span> <span class='ocrx_word' id='word_1_130' title='bbox 749 3162 908 3242; x_wconf 82' lang='lat' dir='ltr'><strong>figmentis</strong></span> 
     </span>
     <span class='ocr_line' id='line_1_25' title="bbox 229 3267 888 3349; baseline -0.005 -17"><span class='ocrx_word' id='word_1_131' title='bbox 229 3286 280 3332; x_wconf 92' lang='lat' dir='ltr'><strong>me</strong></span> <span class='ocrx_word' id='word_1_132' title='bbox 294 3270 410 3332; x_wconf 89' lang='lat' dir='ltr'><strong>tollunt</strong></span> <span class='ocrx_word' id='word_1_133' title='bbox 421 3267 577 3330; x_wconf 91' lang='lat' dir='ltr'><strong>demedio</strong></span> <span class='ocrx_word' id='word_1_134' title='bbox 592 3267 759 3332; x_wconf 87' lang='lat' dir='ltr'><strong>universae</strong></span> <span class='ocrx_word' id='word_1_135' title='bbox 775 3268 888 3349; x_wconf 83' lang='lat' dir='ltr'><strong>gentis.</strong></span> 
     </span>
    </p>
   </div>
   <div class='ocr_carea' id='block_1_8' title="bbox 230 3402 1238 3605">
    <p class='ocr_par' dir='ltr' id='par_1_14' title="bbox 230 3402 1238 3605">
     <span class='ocr_line' id='line_1_26' title="bbox 231 3402 904 3486; baseline -0.001 -20"><span class='ocrx_word' id='word_1_136' title='bbox 231 3402 338 3466; x_wconf 84' lang='lat' dir='ltr'><strong>sedari</strong></span> <span class='ocrx_word' id='word_1_137' title='bbox 355 3420 420 3465; x_wconf 92' lang='lat' dir='ltr'><strong>non</strong></span> <span class='ocrx_word' id='word_1_138' title='bbox 433 3403 550 3482; x_wconf 91' lang='lat' dir='ltr'><strong>poterit</strong></span> <span class='ocrx_word' id='word_1_139' title='bbox 564 3402 715 3482; x_wconf 91' lang='lat' dir='ltr'><strong>strepitus</strong></span> <span class='ocrx_word' id='word_1_140' title='bbox 728 3404 904 3486; x_wconf 83' lang='lat' dir='ltr'><strong>bellorum,</strong></span> 
     </span>
     <span class='ocr_line' id='line_1_27' title="bbox 230 3507 1238 3605; baseline 0.013 -34"><span class='ocrx_word' id='word_1_141' title='bbox 230 3509 350 3584; x_wconf 67' lang='lat' dir='ltr'><strong>(dumi)</strong></span> <span class='ocrx_word' id='word_1_142' title='bbox 363 3508 441 3572; x_wconf 92' lang='lat' dir='ltr'><strong>ordo</strong></span> <span class='ocrx_word' id='word_1_143' title='bbox 455 3507 628 3572; x_wconf 86' lang='lat' dir='ltr'><strong>incassabir</strong></span> <span class='ocrx_word' id='word_1_144' title='bbox 640 3509 852 3590; x_wconf 73' lang='lat' dir='ltr'><strong>(incessabiti)</strong></span> <span class='ocrx_word' id='word_1_145' title='bbox 866 3515 1012 3575; x_wconf 90' lang='lat' dir='ltr'><strong>Fratrum</strong></span> <span class='ocrx_word' id='word_1_146' title='bbox 1023 3517 1238 3605; x_wconf 63' lang='lat' dir='ltr'><strong>perditorum3</strong></span> 
     </span>
    </p>
   </div>
   <div class='ocr_carea' id='block_1_9' title="bbox 139 3758 1251 3941">
    <p class='ocr_par' dir='ltr' id='par_1_15' title="bbox 139 3758 1251 3941">
     <span class='ocr_line' id='line_1_28' title="bbox 142 3758 1251 3827; baseline 0.005 -24"><span class='ocrx_word' id='word_1_147' title='bbox 142 3817 146 3827; x_wconf 36' lang='lat'><em>·</em></span> <span class='ocrx_word' id='word_1_148' title='bbox 163 3759 189 3815; x_wconf 77' lang='grc'><strong>[1)</strong></span> <span class='ocrx_word' id='word_1_149' title='bbox 203 3760 244 3805; x_wconf 85' lang='lat' dir='ltr'><strong>Les</strong></span> <span class='ocrx_word' id='word_1_150' title='bbox 255 3760 340 3804; x_wconf 84' lang='lat' dir='ltr'><strong>moines</strong></span> <span class='ocrx_word' id='word_1_151' title='bbox 352 3760 379 3804; x_wconf 88' lang='lat' dir='ltr'><strong>de</strong></span> <span class='ocrx_word' id='word_1_152' title='bbox 400 3759 493 3805; x_wconf 83' lang='lat' dir='ltr'><strong>Citeanx</strong></span> <span class='ocrx_word' id='word_1_153' title='bbox 513 3758 619 3803; x_wconf 79' lang='lat' dir='ltr'><strong>n’etaieut</strong></span> <span class='ocrx_word' id='word_1_154' title='bbox 632 3770 673 3815; x_wconf 83' lang='lat' dir='ltr'><strong>pne</strong></span> <span class='ocrx_word' id='word_1_155' title='bbox 709 3770 765 3808; x_wconf 80' lang='lat' dir='ltr'><strong>cur,</strong></span> <span class='ocrx_word' id='word_1_156' title='bbox 780 3764 801 3802; x_wconf 89' lang='lat' dir='ltr'><strong>et</strong></span> <span class='ocrx_word' id='word_1_157' title='bbox 813 3771 841 3803; x_wconf 91' lang='lat' dir='ltr'><strong>on</strong></span> <span class='ocrx_word' id='word_1_158' title='bbox 853 3759 877 3803; x_wconf 88' lang='lat' dir='ltr'><strong>iit</strong></span> <span class='ocrx_word' id='word_1_159' title='bbox 889 3761 943 3804; x_wconf 85' lang='lat' dir='ltr'><strong>dans</strong></span> <span class='ocrx_word' id='word_1_160' title='bbox 956 3760 986 3804; x_wconf 86' lang='lat' dir='ltr'><strong>tes</strong></span> <span class='ocrx_word' id='word_1_161' title='bbox 1001 3766 1089 3816; x_wconf 73' lang='lat' dir='ltr'><strong>poemes</strong></span> <span class='ocrx_word' id='word_1_162' title='bbox 1103 3767 1141 3821; x_wconf 87' lang='lat' dir='ltr'><strong>qui</strong></span> <span class='ocrx_word' id='word_1_163' title='bbox 1159 3767 1188 3812; x_wconf 83' lang='lat' dir='ltr'><strong>tui</strong></span> <span class='ocrx_word' id='word_1_164' title='bbox 1200 3774 1251 3812; x_wconf 87' lang='lat' dir='ltr'><strong>sont</strong></span> 
     </span>
     <span class='ocr_line' id='line_1_29' title="bbox 139 3820 1169 3882; baseline 0.008 -20"><span class='ocrx_word' id='word_1_165' title='bbox 139 3823 197 3877; x_wconf 69' lang='lat' dir='ltr'><strong>iuges</strong></span> <span class='ocrx_word' id='word_1_166' title='bbox 209 3824 226 3867; x_wconf 90' lang='lat' dir='ltr'><strong>si</strong></span> <span class='ocrx_word' id='word_1_167' title='bbox 240 3822 415 3867; x_wconf 76' lang='lat' dir='ltr'><strong>favorabiemcnt</strong></span> <span class='ocrx_word' id='word_1_168' title='bbox 428 3834 469 3878; x_wconf 86' lang='lat' dir='ltr'><strong>par</strong></span> <span class='ocrx_word' id='word_1_169' title='bbox 479 3827 529 3865; x_wconf 89' lang='lat' dir='ltr'><strong>tous</strong></span> <span class='ocrx_word' id='word_1_170' title='bbox 539 3821 572 3864; x_wconf 88' lang='lat' dir='ltr'><strong>tes</strong></span> <span class='ocrx_word' id='word_1_171' title='bbox 582 3825 674 3864; x_wconf 87' lang='lat' dir='ltr'><strong>auteurs</strong></span> <span class='ocrx_word' id='word_1_172' title='bbox 709 3820 829 3872; x_wconf 76' lang='lat' dir='ltr'><strong>attribues,</strong></span> <span class='ocrx_word' id='word_1_173' title='bbox 845 3834 866 3878; x_wconf 88' lang='lat' dir='ltr'><strong>p.</strong></span> <span class='ocrx_word' id='word_1_174' title='bbox 878 3826 918 3875; x_wconf 77' lang='lat'><strong>56,</strong></span> <span class='ocrx_word' id='word_1_175' title='bbox 933 3823 967 3866; x_wconf 76' lang='lat' dir='ltr'><strong>td.</strong></span> <span class='ocrx_word' id='word_1_176' title='bbox 982 3823 1009 3866; x_wconf 90' lang='lat' dir='ltr'><strong>dc</strong></span> <span class='ocrx_word' id='word_1_177' title='bbox 1024 3826 1054 3869; x_wconf 82' lang='lat' dir='ltr'><strong>M.</strong></span> <span class='ocrx_word' id='word_1_178' title='bbox 1066 3825 1169 3882; x_wconf 78' lang='lat' dir='ltr'><strong>Wrigbt:</strong></span> 
     </span>
     <span class='ocr_line' id='line_1_30' title="bbox 141 3881 1148 3941; baseline 0.005 -15"><span class='ocrx_word' id='word_1_179' title='bbox 141 3881 165 3926; x_wconf 89' lang='lat' dir='ltr'><strong>du</strong></span> <span class='ocrx_word' id='word_1_180' title='bbox 177 3897 254 3940; x_wconf 72' lang='lat' dir='ltr'><strong>moyen</strong></span> <span class='ocrx_word' id='word_1_181' title='bbox 267 3888 321 3940; x_wconf 80' lang='lat' dir='ltr'><strong>tge;</strong></span> <span class='ocrx_word' id='word_1_182' title='bbox 336 3884 362 3928; x_wconf 88' lang='lat' dir='ltr'><strong>iis</strong></span> <span class='ocrx_word' id='word_1_183' title='bbox 375 3884 471 3937; x_wconf 76' lang='lat' dir='ltr'><strong>etaient,</strong></span> <span class='ocrx_word' id='word_1_184' title='bbox 486 3895 573 3927; x_wconf 86' lang='lat' dir='ltr'><strong>comme</strong></span> <span class='ocrx_word' id='word_1_185' title='bbox 583 3894 612 3926; x_wconf 86' lang='lat' dir='ltr'><strong>on</strong></span> <span class='ocrx_word' id='word_1_186' title='bbox 622 3882 673 3936; x_wconf 84' lang='lat' dir='ltr'><strong>seit,</strong></span> <span class='ocrx_word' id='word_1_187' title='bbox 753 3895 793 3926; x_wconf 82' lang='lat' dir='ltr'><strong>nuo</strong></span> <span class='ocrx_word' id='word_1_188' title='bbox 805 3899 849 3927; x_wconf 68' lang='lat' dir='ltr'><strong>sunt</strong></span> <span class='ocrx_word' id='word_1_189' title='bbox 860 3897 892 3935; x_wconf 77' lang='lat' dir='ltr'><strong>qur</strong></span> <span class='ocrx_word' id='word_1_190' title='bbox 902 3897 987 3928; x_wconf 64' lang='lat' dir='ltr'><strong>noctuae</strong></span> <span class='ocrx_word' id='word_1_191' title='bbox 996 3898 1041 3929; x_wconf 65' lang='lat' dir='ltr'><strong>earn</strong></span> <span class='ocrx_word' id='word_1_192' title='bbox 1051 3898 1148 3941; x_wconf 67' lang='lat' dir='ltr'><strong>bertran,</strong></span> 
     </span>
    </p>
   </div>
   <div class='ocr_carea' id='block_1_10' title="bbox 141 3940 1149 4028">
    <p class='ocr_par' dir='ltr' id='par_1_16' title="bbox 141 3940 1149 4028">
     <span class='ocr_line' id='line_1_31' title="bbox 141 3940 1149 3999; baseline 0.013 -15"><span class='ocrx_word' id='word_1_193' title='bbox 141 3941 224 3990; x_wconf 66' lang='lat' dir='ltr'><strong>bobinos</strong></span> <span class='ocrx_word' id='word_1_194' title='bbox 237 3947 356 3999; x_wconf 77' lang='lat' dir='ltr'><strong>cobiano,</strong></span> <span class='ocrx_word' id='word_1_195' title='bbox 370 3950 393 3989; x_wconf 89' lang='lat' dir='ltr'><strong>et</strong></span> <span class='ocrx_word' id='word_1_196' title='bbox 410 3945 513 3990; x_wconf 85' lang='lat' dir='ltr'><strong>Giratdns</strong></span> <span class='ocrx_word' id='word_1_197' title='bbox 531 3943 674 3988; x_wconf 72' lang='lat' dir='ltr'><strong>cambrensis</strong></span> <span class='ocrx_word' id='word_1_198' title='bbox 754 3948 800 3992; x_wconf 56' lang='lat' dir='ltr'><strong>‘lite</strong></span> <span class='ocrx_word' id='word_1_199' title='bbox 810 3949 864 3971; x_wconf 64' lang='lat'>“¹⁰⁸⁸</span> <span class='ocrx_word' id='word_1_200' title='bbox 873 3940 1002 3992; x_wconf 68' lang='lat' dir='ltr'><strong>i⁸¹¹²¹⁰.⁰⁰⁰¹⁰&#39;</strong></span> <span class='ocrx_word' id='word_1_201' title='bbox 1012 3944 1081 3981; x_wconf 62' lang='lat'><strong>&#39;⁶⁸³⁰‘</strong></span> <span class='ocrx_word' id='word_1_202' title='bbox 1092 3944 1149 3986; x_wconf 53' lang='grc' dir='ltr'><strong>Μὶν</strong></span> 
     </span>
     <span class='ocr_line' id='line_1_32' title="bbox 754 3984 1116 4028; baseline 0.011 -13"><span class='ocrx_word' id='word_1_203' title='bbox 754 3984 821 4023; x_wconf 82' lang='lat' dir='ltr'><strong>quibus</strong></span> <span class='ocrx_word' id='word_1_204' title='bbox 830 3993 890 4015; x_wconf 81' lang='lat' dir='ltr'><strong>omme</strong></span> <span class='ocrx_word' id='word_1_205' title='bbox 899 3994 950 4024; x_wconf 79' lang='lat' dir='ltr'><strong>regro</strong></span> <span class='ocrx_word' id='word_1_206' title='bbox 959 3986 1005 4016; x_wconf 81' lang='lat' dir='ltr'><strong>solet</strong></span> <span class='ocrx_word' id='word_1_207' title='bbox 1014 3985 1116 4028; x_wconf 78' lang='lat' dir='ltr'><strong>devastari,</strong></span> 
     </span>
    </p>
   </div>
   <div class='ocr_carea' id='block_1_11' title="bbox 141 4002 1109 4069">
    <p class='ocr_par' dir='ltr' id='par_1_17' title="bbox 141 4002 1109 4069">
     <span class='ocr_line' id='line_1_33' title="bbox 141 4002 1109 4069; baseline 0.011 -23"><span class='ocrx_word' id='word_1_208' title='bbox 141 4002 183 4050; x_wconf 84' lang='lat' dir='ltr'><strong>leur</strong></span> <span class='ocrx_word' id='word_1_209' title='bbox 192 4008 314 4065; x_wconf 85' lang='lat' dir='ltr'><strong>appiiqnait</strong></span> <span class='ocrx_word' id='word_1_210' title='bbox 328 4020 354 4052; x_wconf 86' lang='lat' dir='ltr'><strong>ce</strong></span> <span class='ocrx_word' id='word_1_211' title='bbox 365 4019 417 4051; x_wconf 80' lang='lat' dir='ltr'><strong>vers</strong></span> <span class='ocrx_word' id='word_1_212' title='bbox 428 4008 509 4051; x_wconf 87' lang='lat' dir='ltr'><strong>ancien</strong></span> <span class='ocrx_word' id='word_1_213' title='bbox 519 4018 526 4049; x_wconf 77' lang='lat' dir='ltr'><strong>t</strong></span> <span class='ocrx_word' id='word_1_214' title='bbox 753 4028 821 4067; x_wconf 67' lang='lat' dir='ltr'><strong>quibu.</strong></span> <span class='ocrx_word' id='word_1_215' title='bbox 832 4029 884 4060; x_wconf 75' lang='lat' dir='ltr'><strong>nuno</strong></span> <span class='ocrx_word' id='word_1_216' title='bbox 893 4029 954 4061; x_wconf 57' lang='lat' dir='ltr'><strong>,tuen</strong></span> <span class='ocrx_word' id='word_1_217' title='bbox 963 4033 1023 4069; x_wconf 62' lang='lat' dir='ltr'><strong>pom„</strong></span> <span class='ocrx_word' id='word_1_218' title='bbox 1032 4030 1109 4064; x_wconf 55' lang='lat' dir='ltr'><strong>mam,</strong></span> 
     </span>
    </p>
   </div>
   <div class='ocr_carea' id='block_1_12' title="bbox 61 4078 1174 4138">
    <p class='ocr_par' dir='ltr' id='par_1_18' title="bbox 61 4078 1174 4138">
     <span class='ocr_line' id='line_1_34' title="bbox 61 4078 1174 4138; baseline 0.004 -15"><span class='ocrx_word' id='word_1_219' title='bbox 61 4113 64 4117; x_wconf 85' lang='lat'><em>-</em></span> <span class='ocrx_word' id='word_1_220' title='bbox 160 4080 192 4121; x_wconf 64' lang='lat' dir='ltr'><strong>Qffi</strong></span> <span class='ocrx_word' id='word_1_221' title='bbox 204 4084 253 4115; x_wconf 62' lang='lat'><strong>⁰⁰¹⁰?</strong></span> <span class='ocrx_word' id='word_1_222' title='bbox 262 4081 315 4113; x_wconf 66' lang='lat' dir='ltr'><strong>&#39;mm’</strong></span> <span class='ocrx_word' id='word_1_223' title='bbox 324 4084 373 4123; x_wconf 60' lang='lat' dir='ltr'><strong>Mis</strong></span> <span class='ocrx_word' id='word_1_224' title='bbox 384 4090 434 4113; x_wconf 56' lang='grc' dir='ltr'><strong>ΜΝ</strong></span> <span class='ocrx_word' id='word_1_225' title='bbox 444 4084 472 4113; x_wconf 58' lang='lat' dir='ltr'><strong>m</strong></span> <span class='ocrx_word' id='word_1_226' title='bbox 481 4078 583 4112; x_wconf 53' lang='lat' dir='ltr'><strong>mmmm</strong></span> <span class='ocrx_word' id='word_1_227' title='bbox 593 4078 641 4111; x_wconf 69' lang='lat' dir='ltr'>⁸¹b0·</span> <span class='ocrx_word' id='word_1_228' title='bbox 753 4090 812 4121; x_wconf 81' lang='lat' dir='ltr'><strong>Pestis</strong></span> <span class='ocrx_word' id='word_1_229' title='bbox 825 4090 943 4131; x_wconf 76' lang='lat' dir='ltr'><strong>animalium,</strong></span> <span class='ocrx_word' id='word_1_230' title='bbox 956 4099 1004 4130; x_wconf 79' lang='lat' dir='ltr'><strong>quae</strong></span> <span class='ocrx_word' id='word_1_231' title='bbox 1015 4097 1082 4124; x_wconf 76' lang='lat' dir='ltr'><strong>suurn</strong></span> <span class='ocrx_word' id='word_1_232' title='bbox 1091 4098 1174 4138; x_wconf 79' lang='lat' dir='ltr'><strong>vocatur,</strong></span> 
     </span>
    </p>
   </div>
   <div class='ocr_carea' id='block_1_13' title="bbox 243 4134 1171 4225">
    <p class='ocr_par' dir='ltr' id='par_1_19' title="bbox 243 4134 1171 4225">
     <span class='ocr_line' id='line_1_35' title="bbox 243 4134 1129 4209; baseline 0.019 -55"><span class='ocrx_word' id='word_1_233' title='bbox 243 4139 366 4184; x_wconf 60' lang='lat' dir='ltr'><strong><em>cambriae</em></strong></span> <span class='ocrx_word' id='word_1_234' title='bbox 378 4138 520 4196; x_wconf 42' lang='lat' dir='ltr'><strong>demta-mio,</strong></span> <span class='ocrx_word' id='word_1_235' title='bbox 535 4150 555 4194; x_wconf 47' lang='lat' dir='ltr'><strong>p·</strong></span> <span class='ocrx_word' id='word_1_236' title='bbox 568 4141 617 4181; x_wconf 45' lang='lat'><strong>331·</strong></span> <span class='ocrx_word' id='word_1_237' title='bbox 686 4146 690 4153; x_wconf 87' lang='lat'><strong>·</strong></span> <span class='ocrx_word' id='word_1_238' title='bbox 744 4137 771 4209; x_wconf 48' lang='lat' dir='ltr'><strong>{t</strong></span> <span class='ocrx_word' id='word_1_239' title='bbox 783 4134 924 4167; x_wconf 77' lang='lat' dir='ltr'><strong>cistercensium</strong></span> <span class='ocrx_word' id='word_1_240' title='bbox 933 4144 980 4174; x_wconf 85' lang='lat' dir='ltr'><strong>qnae</strong></span> <span class='ocrx_word' id='word_1_241' title='bbox 990 4135 1016 4167; x_wconf 83' lang='lat' dir='ltr'><strong>ric</strong></span> <span class='ocrx_word' id='word_1_242' title='bbox 1025 4136 1129 4171; x_wconf 80' lang='lat' dir='ltr'><strong>dilatatur:</strong></span> 
     </span>
     <span class='ocr_line' id='line_1_36' title="bbox 767 4180 1171 4225; baseline 0.017 -16"><span class='ocrx_word' id='word_1_243' title='bbox 767 4180 821 4218; x_wconf 83' lang='lat' dir='ltr'><strong>oplex</strong></span> <span class='ocrx_word' id='word_1_244' title='bbox 830 4180 865 4209; x_wconf 87' lang='lat' dir='ltr'><strong>hoc</strong></span> <span class='ocrx_word' id='word_1_245' title='bbox 873 4180 979 4219; x_wconf 78' lang='lat' dir='ltr'><strong>contagium</strong></span> <span class='ocrx_word' id='word_1_246' title='bbox 989 4180 1051 4212; x_wconf 86' lang='lat' dir='ltr'><strong>orbem</strong></span> <span class='ocrx_word' id='word_1_247' title='bbox 1060 4185 1171 4225; x_wconf 55' lang='lat' dir='ltr'><strong>populatum</strong></span> 
     </span>
    </p>
   </div>
   <div class='ocr_carea' id='block_1_14' title="bbox 142 4210 1189 4272">
    <p class='ocr_par' dir='ltr' id='par_1_20' title="bbox 142 4210 1189 4272">
     <span class='ocr_line' id='line_1_37' title="bbox 142 4210 1189 4272; baseline 0 -16"><span class='ocrx_word' id='word_1_248' title='bbox 142 4210 216 4261; x_wconf 79' lang='lat' dir='ltr'><strong>Walter</strong></span> <span class='ocrx_word' id='word_1_249' title='bbox 230 4218 308 4272; x_wconf 74' lang='lat' dir='ltr'><strong>Mapes</strong></span> <span class='ocrx_word' id='word_1_250' title='bbox 326 4216 387 4261; x_wconf 84' lang='lat' dir='ltr'><strong>nvait</strong></span> <span class='ocrx_word' id='word_1_251' title='bbox 401 4216 441 4260; x_wconf 82' lang='lat' dir='ltr'><strong>tait</strong></span> <span class='ocrx_word' id='word_1_252' title='bbox 455 4228 499 4259; x_wconf 91' lang='lat' dir='ltr'><strong>nne</strong></span> <span class='ocrx_word' id='word_1_253' title='bbox 513 4214 582 4258; x_wconf 84' lang='lat' dir='ltr'><strong>satire</strong></span> <span class='ocrx_word' id='word_1_254' title='bbox 596 4218 673 4258; x_wconf 86' lang='lat' dir='ltr'><strong>contre</strong></span> <span class='ocrx_word' id='word_1_255' title='bbox 753 4223 802 4262; x_wconf 73' lang='lat' dir='ltr'><strong>quon</strong></span> <span class='ocrx_word' id='word_1_256' title='bbox 812 4223 836 4254; x_wconf 68' lang='lat' dir='ltr'><strong>su</strong></span> <span class='ocrx_word' id='word_1_257' title='bbox 846 4223 906 4263; x_wconf 64' lang='lat' dir='ltr'><strong>magu</strong></span> <span class='ocrx_word' id='word_1_258' title='bbox 915 4224 992 4256; x_wconf 71' lang='lat' dir='ltr'><strong>noxum</strong></span> <span class='ocrx_word' id='word_1_259' title='bbox 1001 4234 1076 4264; x_wconf 62' lang='lat' dir='ltr'><strong>pronus</strong></span> <span class='ocrx_word' id='word_1_260' title='bbox 1085 4228 1189 4267; x_wconf 47' lang='lat' dir='ltr'><strong>agamemn</strong></span> 
     </span>
    </p>
   </div>
   <div class='ocr_carea' id='block_1_15' title="bbox 0 0 1585 5188">
    <p class='ocr_par' dir='ltr' id='par_1_21' title="bbox 0 0 1585 5188">
     <span class='ocr_line' id='line_1_38' title="bbox 0 0 1585 5188; baseline 0 0"><span class='ocrx_word' id='word_1_261' title='bbox 0 0 1585 5188; x_wconf 95' lang='lat' dir='ltr'><strong> </strong></span> 
     </span>
    </p>
   </div>
  </div>
 </body>
</html>
