3146 5192
783 451 947 507 -170—

404 580 436 637 et
450 575 535 656 ipsos
548 573 712 637 offendere
726 574 912 637 nullomodo
927 573 1073 655 credam,

403 682 459 744 sed
473 682 626 763 perviam
639 680 793 762 mediam,
809 684 845 744 ut
859 682 967 763 decet,
982 681 1138 745 incedam.

402 817 483 880 Sunt
496 816 536 878 ab
550 815 596 877 eis
607 815 725 879 mortui
739 817 847 896 plures
860 814 1004 879 suscitati
1015 844 1024 898 3

403 923 466 986 seci
483 924 516 999 (l.
529 922 646 1004 coeci),
661 923 765 1005 surdi,
781 922 916 1004 debiles,
932 923 1048 986 infirmi
1063 923 1166 986 sanati
1179 954 1187 1005 5

404 1030 570 1110 fugatique
581 1031 772 1111 daemones,
786 1030 901 1112 leprosi
916 1031 1078 1110 mundati,

402 1139 435 1198 et
448 1137 548 1217 aperti
562 1155 722 1218 carceres,
739 1140 857 1201 nautae
870 1136 1004 1200 liberati.

401 1273 440 1332 nt
450 1287 561 1333 omnes
573 1269 753 1335 audivimus
766 1288 883 1351 aquam
898 1272 1015 1333 factam
1029 1270 1139 1335 vinum

407 1395 464 1458 per
480 1378 656 1440 Iohannem
670 1375 790 1439 scilicet
804 1379 837 1439 et
850 1395 906 1457 per
918 1376 1121 1458 Jacobinum,

403 1484 490 1565 quod
505 1486 669 1563 gustatum
683 1484 788 1546 fuerat
800 1500 857 1563 per
869 1483 1145 1564 architriclinum,

406 1591 454 1655 sic
467 1591 580 1654 fecisse
590 1590 726 1670 legimus
739 1591 869 1653 beatum
880 1590 1059 1654 llartinum.

406 1727 607 1807 loquebatur
621 1725 773 1788 Dominus
786 1725 832 1788 eis
844 1743 918 1788 cum
932 1726 1082 1788 volebant

387 1840 392 1849 '
410 1834 496 1896 etad
508 1851 564 1897 eos
576 1832 680 1913 angeli
694 1831 769 1896 boni
785 1831 1039 1913 descendebant,

407 1943 440 2002 et
453 1940 527 2002 mali
541 1939 685 2003 similiter
698 1939 744 2002 eis
756 1941 966 2020 apparebant,

403 2047 457 2128 qui
472 2047 538 2110 suis
551 2064 608 2127 per
621 2047 727 2110 omnia
740 2046 899 2110 mandatis
915 2048 1066 2111 fovebant
1082 2047 1115 2122 (l.
1130 2048 1305 2124 favebant).

404 2181 458 2244 llis
469 2199 634 2260 nunquam
645 2180 786 2261 Apostoli
798 2182 945 2244 feceruut
954 2182 1094 2260 majora,

404 2288 462 2351 sed
473 2305 532 2350 uec
543 2288 593 2350 his
606 2287 738 2370 similia,
753 2306 845 2368 nam,
861 2305 1052 2368 quacunque
1066 2288 1146 2350 hora

404 2395 586 2458 invitabunt
597 2394 822 2471 (limitarunt)
831 2394 999 2457 Dominum
1007 2397 1144 2475 Fratres,
1152 2393 1220 2456 sine
1228 2411 1329 2474 mora,

407 2502 527 2564 fiebant
540 2502 692 2564 miracula
704 2501 799 2564 laude
813 2500 970 2581 digniora.

408 2634 551 2709 Visiones
562 2634 684 2715 aliquas
697 2652 754 2714 per
766 2637 893 2715 raptum
907 2633 1076 2715 viderunt,

407 2743 464 2806 sed
479 2740 630 2805 nonlicet
643 2739 765 2804 bomini
778 2740 865 2821 loqui
880 2739 934 2821 qui
947 2742 981 2815 (l.
993 2744 1089 2821 quae)
1103 2741 1253 2820 fuerunt,

407 2850 448 2912 de
462 2847 578 2911 futuris
591 2846 687 2910 etiam
700 2849 792 2928 plura
804 2847 1052 2928 praedixerunt,

406 2972 490 3037 quae
500 2954 583 3017 sicut
595 2952 822 3034 praedixerant
834 2954 878 3017 ita
896 2954 1111 3035 contigerunt.

407 3086 503 3166 Signa
514 3086 643 3168 quidem
656 3087 792 3167 plurima
806 3090 883 3150 suut
896 3088 936 3150 ab
954 3084 999 3150 eis
1012 3089 1096 3150 facta

407 3193 462 3275 qni
473 3194 506 3269 (l.
522 3197 566 3270 et)
579 3192 715 3256 luissent
727 3193 835 3257 omnia
846 3196 928 3257 haec
941 3194 1059 3275 scripto
1075 3194 1206 3257 redacta
1219 3242 1227 3273 ,

406 3300 464 3364 sed
475 3318 549 3364 cum
559 3300 676 3365 vellent
689 3299 827 3363 scribere
841 3317 946 3381 penna
961 3299 1021 3362 fuit
1034 3300 1135 3364 fracta

406 3410 441 3470 et
453 3405 584 3469 bissexti
597 3411 640 3486 (l)
651 3423 804 3469 numerus
816 3406 915 3471 crevit
926 3405 960 3468 iu
971 3424 1082 3487 opaca.

407 3545 470 3604 Vos
483 3558 595 3622 precor
608 3541 671 3604 boc
682 3541 812 3604 credere
825 3540 880 3622 qui
895 3540 987 3621 signa
1000 3540 1138 3622 vidistis,

408 3665 484 3709 nam
498 3652 531 3710 et
543 3664 603 3728 ego
618 3648 797 3729 crederem,
813 3646 869 3709 sed
882 3664 953 3709 sum
964 3647 1057 3710 valde
1069 3644 1189 3727 tristis,

408 3753 488 3815 baec
498 3770 637 3833 namque
649 3752 803 3816 miracula
816 3770 899 3831 quae
912 3771 999 3816 nunc
1013 3751 1191 3833 audivistis,

407 3877 499 3924 versa
512 3860 635 3924 suntin
648 3858 784 3922 nihilum
795 3859 829 3922 iu
842 3861 875 3935 (l.
890 3876 984 3939 saepe
993 3863 1018 3935 i)
1031 3861 1127 3922 rebus
1140 3857 1219 3922 istis.

341 4078 370 4135 (ll
384 4078 576 4124 llalbeural'unc
584 4078 704 4124 bissextilis
715 4083 764 4124 crat
772 4090 853 4132 mnus,
887 4089 968 4122 revera
988 4076 1072 4122 corruit
1090 4076 1219 4132 bissextum
1245 4076 1340 4122 Ordtric
1356 4077 1433 4133 vital,

314 4153 343 4184 ac
354 4140 413 4183 siout
425 4140 491 4197 vulgo
500 4141 638 4195 audivimus,
652 4152 718 4196 super
732 4140 854 4195 proditores
890 4137 999 4183 Historia
1012 4137 1184 4189 ecclesiastico,
1200 4139 1215 4182 l.
1227 4149 1278 4193 xn,
1291 4151 1314 4195 p.
1325 4143 1374 4184 882.
