3118 5198
555 505 709 560 —187—

209 628 296 704 Quid
307 629 412 691 dicam
425 627 561 689 breviter
575 645 644 691 esse
657 627 862 706 conjugium?

210 739 321 817 Certe,
337 737 388 800 vel
401 737 548 817 Tartara,
563 736 613 797 vel
626 733 847 815 purgatorium
859 761 867 816 3

211 861 282 906 non
295 847 344 906 est
357 842 390 906 in
403 845 533 905 Tartaro
545 842 636 923 quies
648 859 706 904 neo
719 846 762 922 (l)
775 841 895 921 otium,

212 969 277 1015 nec
288 952 378 1015 labor
389 951 433 1030 (a)
446 949 592 1030 conjugis
606 950 702 1011 habet
714 948 911 1024 remedium(
934 950 956 1023 ).

211 1085 291 1160 Quis
301 1087 406 1166 potest
419 1083 565 1164 conjugis
581 1085 663 1145 torre
675 1082 836 1146 molestias
850 1131 859 1162 ,

212 1194 341 1255 labores
354 1190 459 1257 varios
472 1193 505 1253 ot
518 1188 747 1253 contumelias?

213 1301 318 1362 Labor
331 1302 364 1361 et
375 1297 517 1361 taedium
530 1299 652 1359 restant
665 1299 738 1376 post
750 1294 896 1375 nuptias3

213 1422 352 1468 uxorem
365 1403 463 1484 igitur
476 1403 592 1467 ducere
607 1402 712 1482 fugias
727 1405 738 1481 (
762 1402 781 1476 ).

112 1648 136 1699 (lt
148 1647 201 1690 lut.
685 1646 714 1697 (l)
728 1641 804 1694 Golia,
818 1639 899 1695 fugias.
913 1640 943 1685 ln
955 1640 1019 1697 piton
1030 1639 1078 1684 finit
1087 1652 1128 1697 par
1140 1645 1200 1685 cette

113 1712 137 1752 (9)
148 1708 225 1752 Dolor.
659 1703 747 1760 strophe
758 1718 764 1747 ι

113 1773 136 1815 (ὅ)
149 1770 184 1814 0n
194 1769 219 1813 ll!
229 1769 318 1814 ellslllle
331 1781 337 1811 :
725 1780 769 1811 Post
779 1780 824 1810 haoo
834 1779 917 1819 angelloo
926 1778 979 1809 flnlto
991 1778 1072 1818 nuncio,

147 1835 245 1874 Ingressus
254 1835 326 1867 Tantas-l
335 1837 379 1866 sunt
389 1833 428 1864 viro
438 1832 514 1872 nuptlso
524 1842 530 1869 'v
725 1824 778 1855 tactis
787 1824 869 1863 aplstolls
879 1828 897 1855 et
906 1823 1029 1863 euvangelio,

148 1884 175 1910 ast
182 1879 210 1910 ibi
222 1881 290 1911 mullos·
298 1880 319 1911 ln
327 1880 369 1911 loco
378 1878 457 1916 Furlae3
725 1869 771 1907 ipsis
780 1868 895 1899 trallontlbus
905 1878 934 1899 mo
945 1868 968 1898 de
978 1867 1076 1906 lnoondlo,

148 1923 186 1954 nati
195 1924 229 1964 qui
237 1924 327 1956 devorant
335 1924 385 1955 slout
394 1926 412 1954 ot
421 1921 501 1962 bostlas,
725 1913 810 1952 respondi
819 1913 897 1945 breviter
907 1924 911 1944 :
923 1912 979 1943 Vobls
987 1911 1087 1943 consentio.

149 1976 216 2006 poenas
225 1968 310 2001 ‹lltllollss
317 1971 336 2001 st
347 1967 465 2000 multitarlao.
