3112 5194
561 507 723 560 —2754

379 632 440 692 laec
454 632 529 691 sunt
542 628 630 707 digni
642 628 811 710 supplicio,

378 736 494 816 quibus
504 737 607 814 placet
619 735 766 814 proditio.

345 994 443 1074 Appcl
462 996 511 1056 des
535 996 660 1056 Brctoor
681 1013 746 1055 aare
768 1014 864 1056 urraca
878 1000 930 1069 (1).

170 1212 339 1275 Trucidare
353 1214 494 1275 Saxones
507 1210 591 1273 soliti
603 1213 810 1274 cambrenses

167 1317 208 1379 ad
221 1319 375 1396 cognatos
389 1315 533 1377 Britones
547 1317 579 1376 et
591 1315 843 1393 cornubiensem

167 1421 333 1502 requirunt
346 1425 381 1482 ut
395 1420 525 1484 veniant
536 1437 592 1499 per
605 1423 718 1483 acutos
731 1437 822 1482 enses

90 1528 131 1589 ad
147 1526 352 1589 debellandos
365 1524 509 1587 inimicos
522 1525 738 1588 senonienses.

167 1655 276 1717 Venite
287 1658 354 1735 jam
369 1658 498 1717 strenue
512 1653 618 1717 loricis
632 1654 760 1733 armati3

150 1751 153 1755 ’
167 1761 242 1821 sunt
252 1775 327 1839 pars
340 1776 456 1838 magna
470 1761 632 1821 Saxonum
645 1760 758 1819 mutuo
769 1758 872 1819 necati
884 1783 891 1832 ς

168 1862 227 1925 erit
239 1880 312 1943 pars
326 1862 453 1925 residua
467 1881 523 1943 per
537 1881 596 1926 nos
611 1863 759 1925 trucidati
773 1891 780 1923 :

92 1985 177 2031 nunc
192 1968 384 2031 documenta
400 1968 472 2029 date
484 1985 548 2047 que
562 1968 630 2030 sitis
643 1968 765 2047 origine
777 1968 853 2030 nati.

165 2097 308 2161 Mellinus
321 2102 366 2175 (2)
379 2098 544 2162 veredicus
558 2116 722 2178 nunquam
737 2097 817 2160 dixit
828 2116 960 2177 vanum,

165 2204 386 2283 expellendum
400 2205 553 2283 populum
565 2204 724 2284 praedixit
739 2222 892 2268 vesanum
903 2206 964 2284 (3)3

166 2316 199 2375 et
211 2330 270 2375 nos
283 2314 317 2388 (l.
333 2317 402 2388 vos)
417 2314 478 2375 hoe
491 2313 660 2376 consilium
674 2331 739 2375 non
753 2312 885 2378 servatis
899 2330 1027 2391 sanum‚

91 2417 248 2493 [s]cernite
264 2419 392 2481 fallaces
403 2436 541 2498 quorum
555 2436 656 2498 genus
668 2437 762 2481 omne
775 2422 954 2499 profanum.

166 2550 392 2612 praedecessor
406 2548 530 2612 validus
541 2567 598 2611 rex
611 2567 748 2628 magnus
762 2554 894 2614 Arturus

165 2654 192 2717 si
205 2654 337 2718 vixisset
349 2653 465 2736 hodie,
484 2654 613 2717 fuissem
627 2673 776 2736 securus3

6 2828 7 2831 Ἴ
166 2759 274 2820 nullus
288 2757 317 2820 ei
331 2761 494 2821 Saxonum
506 2758 673 2821 restitisset
685 2778 816 2823 murus:

91 2866 171 2925 esset
182 2863 210 2926 ei
223 2865 258 2940 (l.
274 2863 330 2939 eis)
342 2863 425 2926 sicut
437 2869 624 2926 meruerunt
637 2865 668 2925 in
682 2882 775 2944 prece
786 2865 896 2930 durus.

166 2997 317 3056 Procuret
329 2994 534 3074 Omnipotens
548 2993 606 3056 sihi
620 3012 854 3078 successorem,

168 3102 280 3163 saltem
294 3099 352 3163 sibi
366 3100 515 3182 similem,
529 3102 645 3164 nollem
660 3101 842 3181 meliorem,

165 3205 219 3287 qni
234 3206 325 3267 tollat
337 3202 517 3267 Britonibns
529 3203 696 3284 antiquum
710 3205 851 3267 dolorem

92 3313 122 3370 et
132 3310 187 3373 sibi
199 3308 347 3371 restituet
358 3308 518 3388 propriam
531 3308 737 3389 propriaeque
751 3308 914 3372 decorem!

165 3449 230 3507 Hoc
243 3441 397 3519 Art[lr]uri
411 3444 544 3521 patruus
555 3440 631 3503 velit
642 3441 828 3519 impetrare,

114 3683 140 3737 (l)
153 3684 179 3728 Β.
190 3684 219 3728 de
230 3684 315 3739 hyde,
330 3682 393 3728 fonds
404 3683 539 3735 deveseius,
552 3691 580 3726 n0
589 3687 629 3728 loe
663 3684 691 3728 de
706 3683 727 3728 le
746 3684 830 3738 grande
847 3684 972 3741 reputetion
991 3685 1019 3730 de
1032 3685 1142 3730 bravoure
1158 3699 1202 3744 que

90 3742 163 3797 (line
181 3745 271 3800 siecle),
286 3745 323 3790 iol.
335 3750 389 3801 1⁴⁴,
408 3755 440 3790 το.
460 3745 523 3790 (lette
539 3746 628 3802 piceea
663 3744 736 3789 e'eteit
745 3745 837 3801 aequiee
847 3746 945 3791 Richerd
959 3746 1134 3793 (leurdo-Lien.

91 3804 135 3861 eeu
148 3808 183 3852 ete
197 3806 286 3863 publice
296 3820 337 3863 per
348 3808 382 3853 M.
400 3807 501 3863 Wright,
517 3805 630 3852 Politicel
691 3807 719 3863 (2)
733 3808 826 3860 Merlin3
842 3807 898 3852 dens
915 3820 955 3852 noe
965 3810 1014 3866 plus
1031 3810 1100 3854 rieux
1113 3823 1204 3857 romane

90 3877 158 3925 renes.
171 3882 196 3926 p.
209 3873 251 3924 563
265 3869 322 3914 mais
334 3881 390 3915 nous
403 3869 486 3915 devone
502 3870 514 3914 ii
531 3869 551 3913 la
566 3868 629 3926 oopie
665 3868 809 3925 eerliogiene,
833 3881 861 3914 on
879 3875 959 3915 trouve
977 3877 1079 3923 sennem,
1102 3864 1143 3929 per
1159 3887 1204 3920 une

90 3931 173 3984 quell.
192 3930 629 3977 Geelabienvoulnnouetransmettre
664 3931 793 3986 corruption
814 3930 946 3984 semblable,
974 3931 1123 3979 Kellemaine
1148 3948 1204 3992 pour

90 4002 140 4038 arec
154 3995 175 4038 la
190 3992 239 4049 plue
256 3993 353 4038 eimable
368 3994 509 4050 origenem,
528 3993 555 4037 de
569 4006 629 4048 peu-
664 3991 826 4038 Korlemer‘nc.

89 4054 133 4098 mir
143 4055 266 4100 introduire
276 4056 385 4112 quelques
397 4056 561 4101 emeliorations
573 4056 630 4100 dans
695 4055 723 4111 (ὅ)
738 4054 951 4100 Varronemdanele
960 4065 1015 4108 me,
1027 4057 1083 4102 mais
1091 4057 1112 4105 le
1120 4059 1206 4104 xaveit

89 4123 205 4161 contexte.
226 4117 257 4161 la
273 4117 337 4174 piece
356 4130 384 4162 ne
398 4124 450 4174 peut
464 4130 504 4174 pce
518 4120 565 4162 etro
578 4117 629 4162 bien
665 4123 772 4172 sennem,
783 4115 908 4174 pendantle
917 4129 997 4174 moyen
1007 4120 1056 4175 ege,
1066 4119 1086 4164 le
1099 4131 1138 4165 eon
1154 4120 1204 4165 d'un

91 4179 212 4224 cultricum
226 4191 255 4223 eu
268 4190 325 4233 ms,
340 4179 444 4235 puisqu’il
457 4193 469 4234 y
481 4185 516 4224 est
527 4179 628 4234 question
665 4178 805 4225 slortement
813 4181 931 4236 prononce.
