3118 5198
543 505 708 559 ..225-

374 632 454 692 haec
468 633 518 692 est
530 628 646 691 amoris
660 626 745 690 acies

373 736 405 796 in
421 735 534 798 castris
548 733 761 797 militantium.

373 895 496 958 Amoris
510 899 558 956 est
570 892 717 957 materies

373 1003 415 1064 de
426 1005 541 1064 natura
555 1000 751 1081 coelestium,

375 1125 472 1188 quam
485 1124 551 1169 non
565 1105 685 1185 frangit
698 1104 829 1169 canities
841 1155 848 1187 ,

376 1231 435 1275 neo
447 1210 617 1275 demolitur
630 1209 764 1273 senium.

377 1378 492 1448 Amor,
508 1376 563 1434 tua
577 1369 724 1433 mollities

378 1479 518 1541 declinat
529 1478 562 1541 in
574 1478 785 1555 eontrarium3

379 1590 434 1647 tua
448 1584 611 1647 blanditur
623 1583 725 1645 rabies
738 1614 746 1659 ·,

378 1696 470 1756 tuum
484 1691 546 1753 mel
560 1690 597 1752 fit
611 1687 836 1769 absynthium(
860 1691 879 1759 l.

378 1858 423 1915 Tu
438 1850 554 1914 saturis
568 1848 706 1928 esurieS,

379 1959 431 2022 siti
445 1958 568 2039 peruris
582 1955 721 2034 ebrium,

378 2084 435 2148 por
449 2068 581 2146 abrupta
596 2062 757 2145 planitiem

381 2176 544 2253 perplana
560 2170 789 2252 praecipitium.

379 2338 493 2413 amor,
510 2335 565 2395 tua
585 2331 717 2394 durities

381 2438 516 2500 vertitur
529 2438 562 2501 in
577 2438 770 2517 remedium,

380 2547 475 2608 ludus
487 2550 562 2607 tuus
577 2548 627 2609 est
640 2544 755 2626 series3

381 2658 456 2715 tuus
468 2654 558 2714 labor
572 2655 619 2714 est
631 2653 743 2715 otium.

381 2814 407 2875 si
423 2813 497 2875 llam
512 2816 597 2875 llaro
608 2811 721 2873 millies

380 2924 413 2982 et
426 2919 544 2999 linguis
557 2921 670 2998 loquar
682 2919 842 2989 omnium,

380 3027 434 3089 vix
446 3025 600 3106 explicem
613 3026 760 3087 materies

379 3133 497 3196 amoris
512 3136 544 3194 et
554 3133 740 3195 amantium.

381 3297 476 3355 Amor
488 3292 629 3354 Medeam
644 3291 753 3353 doouit

379 3399 485 3486 spargi
500 3401 649 3462 natorum
660 3397 831 3479 sangnine,

380 3510 475 3567 Amor
489 3507 663 3581 Tonantem
677 3502 808 3582 minuit,

381 3609 529 3673 indutum
545 3611 686 3670 membra
701 3608 856 3689 feminae,

381 3723 475 3780 Amor
488 3716 627 3779 alcidem
642 3715 783 3795 domuit,

123 3941 148 3996 (ἱ)
160 3946 217 3994 Colle
225 3956 347 4014 mdlaplrore
358 3967 383 3999 so
391 3960 496 3998 retrouve
504 3954 560 3998 dans
572 3965 614 3997 uue
762 3956 781 3984 n
790 3963 827 3986 nol
837 3957 949 3987 connititur

106 4009 156 4048 autre
164 4009 251 4059 clauum
262 4020 289 4062 du
301 4023 374 4063 meme
383 4015 508 4060 manuscrit
519 4030 524 4058 :
763 3998 782 4029 '¹¹
792 3999 968 4084 mamalum

564 4076 574 4093 δ

763 4087 779 4117 ai
791 4087 835 4120 dnm
845 4069 957 4129 relinquitur

235 4135 279 4169 Dum
288 4139 359 4179 sugitur
763 4133 832 4171 ¹fflrrtlu,
843 4134 943 4165 lnenrrltur

197 4183 251 4221 mor,
260 4183 368 4219 incurritur.
763 4179 835 4215 scyllae
844 4178 968 4219 naufragium.
