3146 5192
771 565 934 620 -102-

562 697 686 756 Etcum
700 687 862 769 productis
872 684 963 747 lineis

562 815 619 877 per
631 793 748 875 gradus
762 789 937 869 horologii,

563 902 690 975 lethum
704 897 794 960 sedet
807 897 1004 972 horocospus
1014 894 1046 970 (l.
1058 892 1282 968 horoscopus),
1358 932 1362 937 .

564 1005 597 1068 in
611 1003 686 1067 solis
700 1004 814 1065 doctus
828 998 995 1069 cursibus(
1020 1000 1040 1069 ).

563 1145 622 1209 Sed
637 1140 750 1204 lobias
764 1157 838 1202 cum
851 1137 970 1200 lumine

562 1253 655 1331 sedet
667 1250 715 1313 vir
728 1245 949 1329 patientiae...

840 1355 895 1427 (Le
907 1359 982 1414 reste
992 1356 1145 1429 manuue.)

463 1547 577 1624 Hgmue
589 1562 641 1605 sur
655 1544 687 1603 lu
699 1542 799 1603 venite·
812 1546 841 1601 et
853 1539 886 1601 la
899 1540 1003 1600 misire
1016 1540 1057 1600 du
1069 1540 1174 1600 monde
1185 1539 1237 1612 (tt).

373 1707 480 1770 Mundi
492 1709 593 1767 torma
607 1702 791 1783 veterascit,
806 1700 968 1764 evanescit
982 1699 1101 1780 gloria,

372 1832 439 1876 non
452 1815 501 1874 est
513 1811 556 1873 illi
572 1828 681 1873 verum
695 1809 793 1870 robur
807 1824 867 1868 nec
875 1805 963 1885 iugis
977 1804 1117 1884 laetitia,

376 1938 448 1983 cum
460 1917 502 1979 ad
513 1915 591 1979 nillil
603 1918 679 1977 sunt
691 1912 821 1975 redacta
835 1914 868 1972 et
881 1909 983 1989 prisca
996 1911 1139 1986 tempora
1149 1910 1205 1985 (3),

375 2044 456 2107 Nihil
470 2042 564 2105 estin
580 2058 620 2103 eo
633 2039 744 2102 tritum
757 2053 861 2116 neque
877 2033 1062 2097 delectabile
1075 2059 1082 2112 3

376 2146 472 2208 decor
485 2143 590 2207 carnis
604 2141 667 2203 cito
682 2139 796 2201 transit
809 2137 989 2217 labiturque
1004 2135 1115 2213 facile,

375 2250 408 2312 hi
422 2247 476 2329 qui
487 2266 581 2310 mane
596 2245 784 2325 gloriantur,
798 2247 953 2306 corruunt
967 2242 999 2304 in
1011 2258 1151 2320 vespere.

377 2382 452 2440 Erat
461 2358 546 2440 enirn
561 2375 636 2438 olim
649 2374 771 2455 pollens
785 2371 878 2434 claris
892 2372 932 2433 ab
944 2371 1110 2452 operibus,

379 2483 505 2563 fertilis,
521 2480 730 2544 fructificator
744 2482 776 2540 et
788 2477 973 2540 redundans
988 2475 1121 2556 opibus,

380 2607 467 2652 nunc
481 2586 656 2650 admodum
670 2581 864 2647 senescentis
877 2583 1033 2645 vacuatur
1044 2581 1173 2643 turibus.

379 2721 507 2797 Sceptra
521 2717 638 2795 regunt
651 2712 685 2775 in
698 2710 831 2774 sublime
846 2712 934 2772 fraus
947 2712 1043 2787 atque
1057 2706 1225 2789 superbia3

380 2841 538 2904 nusquam
551 2822 648 2900 fides,
661 2835 820 2897 nusquam
831 2817 884 2878 lex
897 2816 962 2895 est,
977 2831 1133 2893 nusquam
1148 2813 1234 2893 pacis
1246 2812 1375 2874 foedera
1388 2836 1399 2890 ·,

382 2928 469 2990 velut
482 2925 568 2987 unda
582 2920 769 2984 fluctuando
783 2917 910 2982 vacillat
919 2916 1059 2997 justicia.

380 3054 577 3130 propagatur
590 3063 672 3127 quae
686 3044 806 3106 latebat
819 3041 973 3103 discincta
987 3039 1134 3119 luxuria,

381 3158 492 3220 molles
506 3154 563 3216 sihi
578 3148 761 3231 subjugavit
773 3151 878 3209 Venus
893 3142 1104 3206 sodomestica
1117 3145 1181 3217 (ὓς

330 3336 358 3391 (1)
372 3332 489 3377 lnvocabit
502 3332 579 3387 itaque
592 3330 663 3373 lsaius
674 3326 782 3384 propheta
795 3326 845 3369 oo·
881 3334 938 3366 nous
948 3332 976 3366 en
988 3320 1084 3363 citerons
1094 3319 1217 3362 seulement
1230 3316 1339 3372 quelques
1352 3325 1425 3370 preu-

304 3397 404 3448 miuum‚
426 3400 449 3438 ct
468 3393 556 3437 reduxit
579 3391 682 3435 umbram
701 3402 740 3445 per
760 3388 845 3438 lineas,
882 3396 941 3428 ves:

303 3457 385 3514 quibus
396 3457 443 3511 jam
452 3455 598 3499 descenderat
612 3453 635 3495 in
650 3452 760 3507 horologio
770 3448 846 3493 thuz
882 3455 939 3489 Omne
946 3454 1018 3495 quidem
1026 3450 1089 3485 vitium
1098 3450 1146 3483 Deus
1155 3452 1190 3484 lroc
1199 3448 1309 3482 condemnat
1317 3453 1335 3481 et
1344 3447 1394 3485 odit:

303 3525 426 3563 evorsum
444 3517 524 3561 recem
547 3514 668 3572 aurun
689 3513 759 3566 m,
780 3511 795 3553 ¹-
883 3493 1391 3581 testimonlamutationisutta

305 3582 341 3625 ch.
355 3585 395 3634 20,
411 3592 434 3623 V.
447 3584 480 3622 11.
884 3589 973 3629 compulit
982 3597 986 3625 ;
998 3587 1058 3619 exitiis
1066 3587 1121 3626 periit
1129 3593 1173 3627 gens
1181 3585 1260 3625 pessima
1268 3583 1329 3625 dignis

330 3650 359 3707 (ᾗ)
373 3650 422 3695 Bib·
434 3648 570 3703 d’fflfflwn’
585 3654 613 3689 no
627 3652 637 3689 1
652 3646 676 3701 (3
686 3645 716 3688 du
731 3645 848 3701 catalogue
885 3633 922 3666 Hoc
931 3633 1113 3672 facinusquicuuquc
1124 3634 1197 3681 tenent,
1207 3633 1238 3661 aut
1247 3638 1297 3660 nunc
1307 3628 1426 3669 resipiscunt,

884 3684 914 3711 uut
922 3688 940 3711 sc
950 3675 1063 3710 damnandos
1072 3676 1148 3707 flammis
1157 3677 1175 3705 ct
1184 3673 1272 3715 sulphure
1280 3673 1357 3703 discunt.

305 3701 849 3818 ttrtttltututt,tntuiitt
911 3728 1427 3851 ss-ggopsgspgf-ypggfcurura

305 3837 388 3881 siecle:
405 3846 462 3879 nous
470 3835 555 3878 devons
567 3833 587 3876 la
598 3833 661 3887 copie
675 3832 702 3876 de
714 3837 773 3875 cette
787 3831 850 3887 ploce

305 3898 474 3953 aarum
488 3897 515 3940 ‹10
529 3896 560 3941 u·
578 3892 782 3955 Portet-rause·
930 3874 1383 3966 tituta:mutantium,

331 3969 361 4022 (5)
375 3967 405 4012 (le
414 3980 467 4012 vers
476 3972 511 4011 cst
521 3978 638 4021 corrumpo
649 3977 656 4019 ς
670 3965 685 4007 il
697 3975 794 4019 manquc
806 3975 851 4007 unc
930 3972 988 4002 vnum
998 3971 1038 4001 vno
1047 3969 1125 4008 turpiter
1132 3966 1193 4006 jungit
1203 3971 1262 3995 novus
1271 3963 1349 4004 numen:

306 4030 390 4085 syliabe
406 4030 462 4073 dans
482 4031 503 4074 le
523 4029 605 4074 second
624 4025 770 4079 hemistiohe,
791 4031 814 4069 et
828 4025 849 4069 le
930 4013 1092 4056 ⁰¹¹¹ss¹ffl¹⁸ll⁰⁰⁰¹
1103 4020 1140 4042 '¹⁰¹¹
1150 4006 1354 4040 ⁵¹¹¹mf²m¹¹¹⁸¹¹¹¹¹⁰¹l

305 4102 357 4136 sm
370 4091 427 4134 west
440 4103 481 4147 pas
494 4090 641 4136 numism,
952 4074 1013 4116 Dans
1025 4072 1057 4115 Μ.
1067 4068 1165 4121 witgar,
1177 4063 1295 4108 Aueedota
1304 4062 1428 4114 literaria,

332 4160 361 4216 (t)
382 4161 514 4205 Peut-ctrc
529 4161 619 4205 taut-il
637 4160 676 4203 lire
695 4157 847 4206 sodomiticu;
990 4137 1057 4189 ⁹¹³⁸·

305 4235 344 4268 ces
356 4231 438 4265 moeurs
447 4221 541 4266 infames
551 4222 646 4275 etaient,
659 4232 745 4265 comme
755 4231 784 4262 on
793 4218 848 4270 salt,
884 4214 959 4270 Voycz
972 4212 1057 4255 Alanus
1066 4208 1093 4251 de
1106 4203 1199 4257 insulis,
1208 4202 1281 4247 Liber
1290 4201 1318 4245 dc
1327 4201 1431 4258 planctu

306 4285 349 4329 tort
373 4283 498 4339 re'panducs
520 4284 616 4339 pendant
641 4284 660 4327 le
684 4293 762 4335 moyen
789 4283 848 4333 tgct
885 4275 1007 4326 Naturae,
1020 4282 1093 4327 prosu
1107 4269 1129 4311 ct
1143 4265 1257 4318 carmine,
1269 4267 1352 4308 contro
1362 4261 1430 4306 sodo·
