<?xml version="1.0" encoding="UTF-8"?>
<!DOCTYPE html PUBLIC "-//W3C//DTD XHTML 1.0 Transitional//EN"
    "http://www.w3.org/TR/xhtml1/DTD/xhtml1-transitional.dtd">
<html xmlns="http://www.w3.org/1999/xhtml" xml:lang="en" lang="en">
 <head>
  <title>
</title>
<meta http-equiv="Content-Type" content="text/html;charset=utf-8" />
  <meta name='ocr-system' content='tesseract 3.04.00' />
  <meta name='ocr-capabilities' content='ocr_page ocr_carea ocr_par ocr_line ocrx_word'/>
</head>
<body>
  <div class='ocr_page' id='page_1' title='image "./posiespopulaire04mrgoog_0425.png"; bbox 0 0 3160 5196; ppageno 0'>
   <div class='ocr_carea' id='block_1_1' title="bbox 594 554 757 613">
    <p class='ocr_par' dir='ltr' id='par_1_1' title="bbox 594 554 757 613">
     <span class='ocr_line' id='line_1_1' title="bbox 594 554 757 613; baseline 0 -16"><span class='ocrx_word' id='word_1_1' title='bbox 594 554 757 613; x_wconf 59' lang='grc'>,405-</span> 
     </span>
    </p>
   </div>
   <div class='ocr_carea' id='block_1_2' title="bbox 5 675 1075 1415">
    <p class='ocr_par' dir='ltr' id='par_1_2' title="bbox 5 675 1075 1415">
     <span class='ocr_line' id='line_1_2' title="bbox 218 675 1033 765; baseline 0.012 -27"><span class='ocrx_word' id='word_1_2' title='bbox 218 675 280 741; x_wconf 83' lang='lat' dir='ltr'><strong>Sed</strong></span> <span class='ocrx_word' id='word_1_3' title='bbox 293 692 367 739; x_wconf 82' lang='lat' dir='ltr'><strong>cunr</strong></span> <span class='ocrx_word' id='word_1_4' title='bbox 381 680 551 761; x_wconf 80' lang='lat' dir='ltr'><strong>nonnullos</strong></span> <span class='ocrx_word' id='word_1_5' title='bbox 561 698 657 763; x_wconf 86' lang='lat' dir='ltr'><strong>super</strong></span> <span class='ocrx_word' id='word_1_6' title='bbox 669 685 722 746; x_wconf 89' lang='lat' dir='ltr'><strong>his</strong></span> <span class='ocrx_word' id='word_1_7' title='bbox 734 682 879 746; x_wconf 69' lang='lat' dir='ltr'><strong>dubitare</strong></span> <span class='ocrx_word' id='word_1_8' title='bbox 894 683 1033 765; x_wconf 87' lang='lat' dir='ltr'><strong>videret,</strong></span> 
     </span>
     <span class='ocr_line' id='line_1_3' title="bbox 259 781 907 870; baseline 0.015 -26"><span class='ocrx_word' id='word_1_9' title='bbox 259 781 355 845; x_wconf 90' lang='lat' dir='ltr'><strong>immo</strong></span> <span class='ocrx_word' id='word_1_10' title='bbox 368 802 424 864; x_wconf 89' lang='lat' dir='ltr'><strong>per</strong></span> <span class='ocrx_word' id='word_1_11' title='bbox 437 804 555 866; x_wconf 85' lang='lat' dir='ltr'><strong>paucos</strong></span> <span class='ocrx_word' id='word_1_12' title='bbox 567 788 618 851; x_wconf 87' lang='lat' dir='ltr'><strong>his</strong></span> <span class='ocrx_word' id='word_1_13' title='bbox 628 789 780 853; x_wconf 81' lang='lat' dir='ltr'><strong>adhibere</strong></span> <span class='ocrx_word' id='word_1_14' title='bbox 791 788 907 870; x_wconf 86' lang='lat' dir='ltr'><strong>fidem,</strong></span> 
     </span>
     <span class='ocr_line' id='line_1_4' title="bbox 5 884 948 978; baseline 0.005 -22"><span class='ocrx_word' id='word_1_15' title='bbox 5 884 6 903; x_wconf 62' lang='lat'>¹</span> <span class='ocrx_word' id='word_1_16' title='bbox 98 965 100 970; x_wconf 56' lang='grc'>,</span> <span class='ocrx_word' id='word_1_17' title='bbox 218 888 266 953; x_wconf 86' lang='lat' dir='ltr'><strong>Sit</strong></span> <span class='ocrx_word' id='word_1_18' title='bbox 277 888 342 953; x_wconf 82' lang='lat' dir='ltr'><strong>ait:</strong></span> <span class='ocrx_word' id='word_1_19' title='bbox 360 915 375 950; x_wconf 93' lang='lat'>«</span> <span class='ocrx_word' id='word_1_20' title='bbox 391 894 561 959; x_wconf 75' lang='lat' dir='ltr'><strong>dDomino</strong></span> <span class='ocrx_word' id='word_1_21' title='bbox 575 895 689 960; x_wconf 86' lang='lat' dir='ltr'><strong>devote</strong></span> <span class='ocrx_word' id='word_1_22' title='bbox 700 896 791 977; x_wconf 77' lang='lat' dir='ltr'><strong>signa</strong></span> <span class='ocrx_word' id='word_1_23' title='bbox 801 899 948 978; x_wconf 82' lang='lat' dir='ltr'><strong>petemus</strong></span> 
     </span>
     <span class='ocr_line' id='line_1_5' title="bbox 257 999 914 1077; baseline 0.015 -19"><span class='ocrx_word' id='word_1_24' title='bbox 257 1014 340 1077; x_wconf 84' lang='lat' dir='ltr'><strong>quoe</strong></span> <span class='ocrx_word' id='word_1_25' title='bbox 351 999 479 1062; x_wconf 75' lang='lat' dir='ltr'><strong>valeant</strong></span> <span class='ocrx_word' id='word_1_26' title='bbox 491 1018 599 1067; x_wconf 89' lang='lat' dir='ltr'><strong>servos</strong></span> <span class='ocrx_word' id='word_1_27' title='bbox 612 1001 787 1069; x_wconf 79' lang='lat' dir='ltr'><strong>certificare</strong></span> <span class='ocrx_word' id='word_1_28' title='bbox 797 1019 883 1067; x_wconf 89' lang='lat' dir='ltr'><strong>suos.</strong></span> <span class='ocrx_word' id='word_1_29' title='bbox 898 1024 914 1061; x_wconf 82' lang='lat'>»</span> 
     </span>
     <span class='ocr_line' id='line_1_6' title="bbox 219 1104 1075 1189; baseline 0.009 -26"><span class='ocrx_word' id='word_1_30' title='bbox 219 1104 326 1183; x_wconf 83' lang='lat' dir='ltr'><strong>Tunc,</strong></span> <span class='ocrx_word' id='word_1_31' title='bbox 340 1105 475 1184; x_wconf 75' lang='lat' dir='ltr'><strong>genibus</strong></span> <span class='ocrx_word' id='word_1_32' title='bbox 488 1107 596 1189; x_wconf 81' lang='lat' dir='ltr'><strong>flexis,</strong></span> <span class='ocrx_word' id='word_1_33' title='bbox 611 1110 789 1173; x_wconf 71' lang='lat' dir='ltr'><strong>sternentes</strong></span> <span class='ocrx_word' id='word_1_34' title='bbox 802 1124 936 1189; x_wconf 82' lang='lat' dir='ltr'><strong>corpora</strong></span> <span class='ocrx_word' id='word_1_35' title='bbox 949 1109 1053 1171; x_wconf 78' lang='lat' dir='ltr'><strong>terrae</strong></span> <span class='ocrx_word' id='word_1_36' title='bbox 1064 1154 1075 1187; x_wconf 87' lang='lat'><strong>,</strong></span> 
     </span>
     <span class='ocr_line' id='line_1_7' title="bbox 259 1213 884 1306; baseline 0.003 -31"><span class='ocrx_word' id='word_1_37' title='bbox 259 1230 301 1276; x_wconf 87' lang='lat' dir='ltr'><strong>ex</strong></span> <span class='ocrx_word' id='word_1_38' title='bbox 314 1213 471 1306; x_wconf 85' lang='lat' dir='ltr'><strong>desiderio</strong></span> <span class='ocrx_word' id='word_1_39' title='bbox 485 1214 591 1280; x_wconf 88' lang='lat' dir='ltr'><strong>cordis</strong></span> <span class='ocrx_word' id='word_1_40' title='bbox 601 1215 643 1279; x_wconf 85' lang='lat' dir='ltr'><strong>ud</strong></span> <span class='ocrx_word' id='word_1_41' title='bbox 655 1218 741 1280; x_wconf 78' lang='lat' dir='ltr'><strong>nstro</strong></span> <span class='ocrx_word' id='word_1_42' title='bbox 753 1216 884 1296; x_wconf 71' lang='lat' dir='ltr'><strong>volunt,</strong></span> 
     </span>
     <span class='ocr_line' id='line_1_8' title="bbox 218 1322 928 1415; baseline 0.004 -33"><span class='ocrx_word' id='word_1_43' title='bbox 218 1324 360 1405; x_wconf 77' lang='lat' dir='ltr'><strong>Cumque</strong></span> <span class='ocrx_word' id='word_1_44' title='bbox 369 1326 482 1415; x_wconf 76' lang='lat' dir='ltr'><strong>rogate</strong></span> <span class='ocrx_word' id='word_1_45' title='bbox 494 1322 550 1386; x_wconf 91' lang='lat' dir='ltr'><strong>diu</strong></span> <span class='ocrx_word' id='word_1_46' title='bbox 564 1322 665 1403; x_wconf 77' lang='lat' dir='ltr'><strong>pietas</strong></span> <span class='ocrx_word' id='word_1_47' title='bbox 677 1322 783 1388; x_wconf 82' lang='lat' dir='ltr'><strong>divina</strong></span> <span class='ocrx_word' id='word_1_48' title='bbox 797 1322 928 1403; x_wconf 87' lang='lat' dir='ltr'><strong>fuisset,</strong></span> 
     </span>
    </p>
   </div>
   <div class='ocr_carea' id='block_1_3' title="bbox 219 1428 988 1936">
    <p class='ocr_par' dir='ltr' id='par_1_3' title="bbox 219 1428 988 1936">
     <span class='ocr_line' id='line_1_9' title="bbox 259 1428 988 1510; baseline 0.001 -20"><span class='ocrx_word' id='word_1_49' title='bbox 259 1444 409 1509; x_wconf 79' lang='lat' dir='ltr'><strong>surgens,</strong></span> <span class='ocrx_word' id='word_1_50' title='bbox 421 1428 617 1509; x_wconf 80' lang='lat' dir='ltr'><strong>surgendum</strong></span> <span class='ocrx_word' id='word_1_51' title='bbox 628 1428 787 1510; x_wconf 78' lang='lat' dir='ltr'><strong>significat</strong></span> <span class='ocrx_word' id='word_1_52' title='bbox 799 1429 988 1492; x_wconf 73' lang='lat' dir='ltr'><strong>Machoures.</strong></span> 
     </span>
     <span class='ocr_line' id='line_1_10' title="bbox 219 1535 982 1618; baseline 0.005 -22"><span class='ocrx_word' id='word_1_53' title='bbox 219 1535 385 1599; x_wconf 78' lang='lat' dir='ltr'><strong>posthaec</strong></span> <span class='ocrx_word' id='word_1_54' title='bbox 395 1536 565 1617; x_wconf 77' lang='lat' dir='ltr'><strong>assumptis</strong></span> <span class='ocrx_word' id='word_1_55' title='bbox 577 1554 687 1601; x_wconf 88' lang='lat' dir='ltr'><strong>secum</strong></span> <span class='ocrx_word' id='word_1_56' title='bbox 696 1536 892 1618; x_wconf 86' lang='lat' dir='ltr'><strong>senioribus,</strong></span> <span class='ocrx_word' id='word_1_57' title='bbox 907 1536 982 1601; x_wconf 90' lang='lat' dir='ltr'><strong>illuc</strong></span> 
     </span>
     <span class='ocr_line' id='line_1_11' title="bbox 260 1642 946 1725; baseline -0.001 -19"><span class='ocrx_word' id='word_1_58' title='bbox 260 1642 349 1706; x_wconf 91' lang='lat' dir='ltr'><strong>ducit</strong></span> <span class='ocrx_word' id='word_1_59' title='bbox 360 1660 416 1706; x_wconf 88' lang='lat' dir='ltr'><strong>eos</strong></span> <span class='ocrx_word' id='word_1_60' title='bbox 428 1661 493 1724; x_wconf 88' lang='lat' dir='ltr'><strong>quo</strong></span> <span class='ocrx_word' id='word_1_61' title='bbox 505 1645 568 1707; x_wconf 90' lang='lat' dir='ltr'><strong>mel</strong></span> <span class='ocrx_word' id='word_1_62' title='bbox 580 1645 693 1725; x_wconf 84' lang='lat' dir='ltr'><strong>lacque</strong></span> <span class='ocrx_word' id='word_1_63' title='bbox 706 1642 946 1724; x_wconf 70' lang='lat' dir='ltr'><strong>recondiderat,</strong></span> 
     </span>
     <span class='ocr_line' id='line_1_12' title="bbox 220 1748 946 1832; baseline 0 -22"><span class='ocrx_word' id='word_1_64' title='bbox 220 1748 338 1812; x_wconf 82' lang='lat' dir='ltr'><strong>Erectis</strong></span> <span class='ocrx_word' id='word_1_65' title='bbox 348 1748 447 1831; x_wconf 84' lang='lat' dir='ltr'><strong>igitur</strong></span> <span class='ocrx_word' id='word_1_66' title='bbox 458 1749 559 1831; x_wconf 78' lang='lat' dir='ltr'><strong>oculis</strong></span> <span class='ocrx_word' id='word_1_67' title='bbox 571 1749 796 1832; x_wconf 81' lang='lat' dir='ltr'><strong>manibusque,</strong></span> <span class='ocrx_word' id='word_1_68' title='bbox 810 1750 946 1811; x_wconf 84' lang='lat' dir='ltr'><strong>refertur</strong></span> 
     </span>
     <span class='ocr_line' id='line_1_13' title="bbox 260 1855 894 1936; baseline 0 -19"><span class='ocrx_word' id='word_1_69' title='bbox 260 1856 301 1917; x_wconf 84' lang='lat' dir='ltr'><strong>ed</strong></span> <span class='ocrx_word' id='word_1_70' title='bbox 313 1855 482 1919; x_wconf 88' lang='lat' dir='ltr'><strong>Dominum</strong></span> <span class='ocrx_word' id='word_1_71' title='bbox 491 1858 571 1919; x_wconf 81' lang='lat' dir='ltr'><strong>tales</strong></span> <span class='ocrx_word' id='word_1_72' title='bbox 583 1855 764 1921; x_wconf 81' lang='lat' dir='ltr'><strong>exhibuisse</strong></span> <span class='ocrx_word' id='word_1_73' title='bbox 776 1871 894 1936; x_wconf 89' lang='lat' dir='ltr'><strong>preces.</strong></span> 
     </span>
    </p>
   </div>
   <div class='ocr_carea' id='block_1_4' title="bbox 220 1988 1092 4097">
    <p class='ocr_par' dir='ltr' id='par_1_4' title="bbox 220 1988 1092 4097">
     <span class='ocr_line' id='line_1_14' title="bbox 221 1988 1052 2071; baseline 0.004 -25"><span class='ocrx_word' id='word_1_74' title='bbox 221 2011 238 2047; x_wconf 90' lang='lat'>«</span> <span class='ocrx_word' id='word_1_75' title='bbox 253 1990 380 2069; x_wconf 84' lang='lat' dir='ltr'><strong>Opater</strong></span> <span class='ocrx_word' id='word_1_76' title='bbox 397 1989 598 2070; x_wconf 88' lang='lat' dir='ltr'><strong>omnipotens</strong></span> <span class='ocrx_word' id='word_1_77' title='bbox 609 1990 665 2071; x_wconf 90' lang='lat' dir='ltr'><strong>qui</strong></span> <span class='ocrx_word' id='word_1_78' title='bbox 682 1991 779 2054; x_wconf 84' lang='lat' dir='ltr'><strong>verbo</strong></span> <span class='ocrx_word' id='word_1_79' title='bbox 790 1990 906 2052; x_wconf 82' lang='lat' dir='ltr'><strong>cuncto</strong></span> <span class='ocrx_word' id='word_1_80' title='bbox 919 1988 1052 2069; x_wconf 81' lang='lat' dir='ltr'><strong>creasti,</strong></span> 
     </span>
     <span class='ocr_line' id='line_1_15' title="bbox 259 2094 1087 2177; baseline 0.001 -20"><span class='ocrx_word' id='word_1_81' title='bbox 259 2094 377 2176; x_wconf 88' lang='lat' dir='ltr'><strong>quique</strong></span> <span class='ocrx_word' id='word_1_82' title='bbox 387 2099 495 2160; x_wconf 74' lang='lat' dir='ltr'><strong>creste</strong></span> <span class='ocrx_word' id='word_1_83' title='bbox 507 2097 608 2177; x_wconf 80' lang='lat' dir='ltr'><strong>regis,</strong></span> <span class='ocrx_word' id='word_1_84' title='bbox 626 2100 742 2161; x_wconf 78' lang='lat' dir='ltr'><strong>cuncta</strong></span> <span class='ocrx_word' id='word_1_85' title='bbox 755 2113 887 2161; x_wconf 88' lang='lat' dir='ltr'><strong>movens</strong></span> <span class='ocrx_word' id='word_1_86' title='bbox 896 2095 938 2174; x_wconf 83' lang='lat'><strong>(1)</strong></span> <span class='ocrx_word' id='word_1_87' title='bbox 948 2094 1087 2176; x_wconf 76' lang='lat' dir='ltr'><strong>stabitis,</strong></span> 
     </span>
     <span class='ocr_line' id='line_1_16' title="bbox 220 2202 933 2284; baseline 0 -21"><span class='ocrx_word' id='word_1_88' title='bbox 220 2202 278 2277; x_wconf 83' lang='lat' dir='ltr'><strong>Qui</strong></span> <span class='ocrx_word' id='word_1_89' title='bbox 288 2202 328 2264; x_wconf 90' lang='lat' dir='ltr'><strong>de</strong></span> <span class='ocrx_word' id='word_1_90' title='bbox 336 2205 369 2264; x_wconf 89' lang='lat' dir='ltr'><strong>te</strong></span> <span class='ocrx_word' id='word_1_91' title='bbox 381 2203 525 2282; x_wconf 79' lang='lat' dir='ltr'><strong>genitum</strong></span> <span class='ocrx_word' id='word_1_92' title='bbox 536 2202 637 2266; x_wconf 80' lang='lat' dir='ltr'><strong>iecisti</strong></span> <span class='ocrx_word' id='word_1_93' title='bbox 647 2220 772 2267; x_wconf 91' lang='lat' dir='ltr'><strong>sumere</strong></span> <span class='ocrx_word' id='word_1_94' title='bbox 786 2219 933 2284; x_wconf 80' lang='lat' dir='ltr'><strong>curnem,</strong></span> 
     </span>
     <span class='ocr_line' id='line_1_17' title="bbox 259 2309 916 2391; baseline 0 -19"><span class='ocrx_word' id='word_1_95' title='bbox 259 2309 313 2390; x_wconf 91' lang='lat' dir='ltr'><strong>qui</strong></span> <span class='ocrx_word' id='word_1_96' title='bbox 326 2311 448 2374; x_wconf 89' lang='lat' dir='ltr'><strong>mundo</strong></span> <span class='ocrx_word' id='word_1_97' title='bbox 460 2310 559 2376; x_wconf 80' lang='lat' dir='ltr'><strong>vitum</strong></span> <span class='ocrx_word' id='word_1_98' title='bbox 572 2313 718 2374; x_wconf 86' lang='lat' dir='ltr'><strong>mortuus</strong></span> <span class='ocrx_word' id='word_1_99' title='bbox 731 2309 916 2391; x_wconf 73' lang='lat' dir='ltr'><strong>ipsededit3</strong></span> 
     </span>
     <span class='ocr_line' id='line_1_18' title="bbox 220 2415 1016 2497; baseline 0.001 -19"><span class='ocrx_word' id='word_1_100' title='bbox 220 2415 342 2497; x_wconf 84' lang='lat' dir='ltr'><strong>Quique</strong></span> <span class='ocrx_word' id='word_1_101' title='bbox 356 2434 458 2482; x_wconf 84' lang='lat' dir='ltr'><strong>novae</strong></span> <span class='ocrx_word' id='word_1_102' title='bbox 474 2416 556 2497; x_wconf 78' lang='lat' dir='ltr'><strong>legis</strong></span> <span class='ocrx_word' id='word_1_103' title='bbox 566 2433 623 2497; x_wconf 90' lang='lat' dir='ltr'><strong>per</strong></span> <span class='ocrx_word' id='word_1_104' title='bbox 635 2434 711 2480; x_wconf 89' lang='lat' dir='ltr'><strong>eum</strong></span> <span class='ocrx_word' id='word_1_105' title='bbox 722 2416 873 2481; x_wconf 81' lang='lat' dir='ltr'><strong>mandato</strong></span> <span class='ocrx_word' id='word_1_106' title='bbox 887 2416 1016 2496; x_wconf 87' lang='lat' dir='ltr'><strong>dedisti,</strong></span> 
     </span>
     <span class='ocr_line' id='line_1_19' title="bbox 259 2522 994 2604; baseline 0 -19"><span class='ocrx_word' id='word_1_107' title='bbox 259 2540 342 2602; x_wconf 81' lang='lat' dir='ltr'><strong>quae</strong></span> <span class='ocrx_word' id='word_1_108' title='bbox 360 2524 386 2586; x_wconf 90' lang='lat' dir='ltr'><strong>si</strong></span> <span class='ocrx_word' id='word_1_109' title='bbox 406 2522 477 2604; x_wconf 85' lang='lat' dir='ltr'><strong>quis</strong></span> <span class='ocrx_word' id='word_1_110' title='bbox 491 2525 597 2589; x_wconf 81' lang='lat' dir='ltr'><strong>servet</strong></span> <span class='ocrx_word' id='word_1_111' title='bbox 615 2523 721 2589; x_wconf 82' lang='lat' dir='ltr'><strong>rivere</strong></span> <span class='ocrx_word' id='word_1_112' title='bbox 738 2540 862 2604; x_wconf 84' lang='lat' dir='ltr'><strong>semper</strong></span> <span class='ocrx_word' id='word_1_113' title='bbox 880 2523 994 2586; x_wconf 82' lang='lat' dir='ltr'><strong>habet!</strong></span> 
     </span>
     <span class='ocr_line' id='line_1_20' title="bbox 221 2628 987 2709; baseline 0.001 -18"><span class='ocrx_word' id='word_1_114' title='bbox 221 2628 282 2691; x_wconf 88' lang='lat' dir='ltr'><strong>Sed</strong></span> <span class='ocrx_word' id='word_1_115' title='bbox 292 2628 366 2708; x_wconf 82' lang='lat' dir='ltr'><strong>quia</strong></span> <span class='ocrx_word' id='word_1_116' title='bbox 376 2631 445 2708; x_wconf 68' lang='lat' dir='ltr'><strong>iem</strong></span> <span class='ocrx_word' id='word_1_117' title='bbox 455 2628 561 2691; x_wconf 89' lang='lat' dir='ltr'><strong>senuit</strong></span> <span class='ocrx_word' id='word_1_118' title='bbox 572 2628 731 2709; x_wconf 90' lang='lat' dir='ltr'><strong>mundus,</strong></span> <span class='ocrx_word' id='word_1_119' title='bbox 744 2628 801 2693; x_wconf 82' lang='lat' dir='ltr'><strong>rix</strong></span> <span class='ocrx_word' id='word_1_120' title='bbox 812 2628 865 2692; x_wconf 85' lang='lat' dir='ltr'><strong>illu</strong></span> <span class='ocrx_word' id='word_1_121' title='bbox 876 2632 987 2693; x_wconf 82' lang='lat' dir='ltr'><strong>tenere</strong></span> 
     </span>
     <span class='ocr_line' id='line_1_21' title="bbox 260 2735 1072 2817; baseline 0.001 -20"><span class='ocrx_word' id='word_1_122' title='bbox 260 2735 331 2816; x_wconf 92' lang='lat' dir='ltr'><strong>quis</strong></span> <span class='ocrx_word' id='word_1_123' title='bbox 345 2738 449 2816; x_wconf 69' lang='lat' dir='ltr'><strong>valet,</strong></span> <span class='ocrx_word' id='word_1_124' title='bbox 464 2735 551 2799; x_wconf 89' lang='lat' dir='ltr'><strong>unde</strong></span> <span class='ocrx_word' id='word_1_125' title='bbox 563 2754 661 2817; x_wconf 86' lang='lat' dir='ltr'><strong>prope</strong></span> <span class='ocrx_word' id='word_1_126' title='bbox 672 2738 740 2816; x_wconf 78' lang='lat' dir='ltr'><strong>jani</strong></span> <span class='ocrx_word' id='word_1_127' title='bbox 750 2737 833 2815; x_wconf 86' lang='lat' dir='ltr'><strong>perit</strong></span> <span class='ocrx_word' id='word_1_128' title='bbox 842 2737 948 2799; x_wconf 90' lang='lat' dir='ltr'><strong>omnis</strong></span> <span class='ocrx_word' id='word_1_129' title='bbox 958 2738 1072 2816; x_wconf 76' lang='lat' dir='ltr'><strong>horno,</strong></span> 
     </span>
     <span class='ocr_line' id='line_1_22' title="bbox 221 2841 903 2923; baseline 0 -18"><span class='ocrx_word' id='word_1_130' title='bbox 221 2841 251 2905; x_wconf 88' lang='lat' dir='ltr'><strong>Si</strong></span> <span class='ocrx_word' id='word_1_131' title='bbox 264 2844 370 2922; x_wconf 81' lang='lat' dir='ltr'><strong>planet</strong></span> <span class='ocrx_word' id='word_1_132' title='bbox 380 2860 458 2923; x_wconf 78' lang='lat' dir='ltr'><strong>ergo</strong></span> <span class='ocrx_word' id='word_1_133' title='bbox 468 2842 524 2905; x_wconf 86' lang='lat' dir='ltr'><strong>tibi</strong></span> <span class='ocrx_word' id='word_1_134' title='bbox 535 2843 615 2923; x_wconf 72' lang='lat' dir='ltr'><strong>tegis</strong></span> <span class='ocrx_word' id='word_1_135' title='bbox 628 2842 750 2906; x_wconf 86' lang='lat' dir='ltr'><strong>mollire</strong></span> <span class='ocrx_word' id='word_1_136' title='bbox 762 2843 903 2921; x_wconf 85' lang='lat' dir='ltr'><strong>rigorem</strong></span> 
     </span>
     <span class='ocr_line' id='line_1_23' title="bbox 261 2947 944 3031; baseline 0.001 -21"><span class='ocrx_word' id='word_1_137' title='bbox 261 2947 359 3027; x_wconf 88' lang='lat' dir='ltr'><strong>(quod</strong></span> <span class='ocrx_word' id='word_1_138' title='bbox 379 2951 411 3010; x_wconf 89' lang='lat' dir='ltr'><strong>te</strong></span> <span class='ocrx_word' id='word_1_139' title='bbox 429 2950 589 3012; x_wconf 80' lang='lat' dir='ltr'><strong>iacturum</strong></span> <span class='ocrx_word' id='word_1_140' title='bbox 602 2965 654 3012; x_wconf 92' lang='lat' dir='ltr'><strong>me</strong></span> <span class='ocrx_word' id='word_1_141' title='bbox 668 2947 779 3011; x_wconf 85' lang='lat' dir='ltr'><strong>docuit</strong></span> <span class='ocrx_word' id='word_1_142' title='bbox 789 2948 944 3031; x_wconf 81' lang='lat' dir='ltr'><strong>Gabriel),</strong></span> 
     </span>
     <span class='ocr_line' id='line_1_24' title="bbox 222 3053 1017 3138; baseline 0.008 -24"><span class='ocrx_word' id='word_1_143' title='bbox 222 3053 363 3134; x_wconf 82' lang='lat' dir='ltr'><strong>Digneris</strong></span> <span class='ocrx_word' id='word_1_144' title='bbox 373 3058 498 3136; x_wconf 75' lang='lat' dir='ltr'><strong>praeter</strong></span> <span class='ocrx_word' id='word_1_145' title='bbox 506 3055 635 3120; x_wconf 90' lang='lat' dir='ltr'><strong>solitum</strong></span> <span class='ocrx_word' id='word_1_146' title='bbox 649 3055 771 3118; x_wconf 88' lang='lat' dir='ltr'><strong>mundo</strong></span> <span class='ocrx_word' id='word_1_147' title='bbox 783 3055 860 3117; x_wconf 84' lang='lat' dir='ltr'><strong>dure</strong></span> <span class='ocrx_word' id='word_1_148' title='bbox 871 3056 1017 3138; x_wconf 80' lang='lat' dir='ltr'><strong>signum,</strong></span> 
     </span>
     <span class='ocr_line' id='line_1_25' title="bbox 259 3161 1016 3245; baseline -0.003 -22"><span class='ocrx_word' id='word_1_149' title='bbox 259 3178 315 3241; x_wconf 92' lang='lat' dir='ltr'><strong>per</strong></span> <span class='ocrx_word' id='word_1_150' title='bbox 325 3163 412 3242; x_wconf 87' lang='lat' dir='ltr'><strong>quod</strong></span> <span class='ocrx_word' id='word_1_151' title='bbox 423 3166 536 3227; x_wconf 83' lang='lat' dir='ltr'><strong>noscet</strong></span> <span class='ocrx_word' id='word_1_152' title='bbox 546 3162 579 3227; x_wconf 95' lang='lat' dir='ltr'><strong>in</strong></span> <span class='ocrx_word' id='word_1_153' title='bbox 590 3164 652 3226; x_wconf 84' lang='lat' dir='ltr'><strong>hac</strong></span> <span class='ocrx_word' id='word_1_154' title='bbox 666 3166 698 3224; x_wconf 92' lang='lat' dir='ltr'><strong>te</strong></span> <span class='ocrx_word' id='word_1_155' title='bbox 708 3161 768 3224; x_wconf 86' lang='lat' dir='ltr'><strong>sibi</strong></span> <span class='ocrx_word' id='word_1_156' title='bbox 780 3166 870 3242; x_wconf 83' lang='lat' dir='ltr'><strong>parte</strong></span> <span class='ocrx_word' id='word_1_157' title='bbox 884 3163 981 3245; x_wconf 89' lang='lat' dir='ltr'><strong>pium.</strong></span> <span class='ocrx_word' id='word_1_158' title='bbox 999 3186 1016 3222; x_wconf 79' lang='lat' dir='ltr'><strong>n</strong></span> 
     </span>
     <span class='ocr_line' id='line_1_26' title="bbox 221 3265 999 3352; baseline 0.005 -24"><span class='ocrx_word' id='word_1_159' title='bbox 221 3265 271 3329; x_wconf 89' lang='lat' dir='ltr'><strong>Sic</strong></span> <span class='ocrx_word' id='word_1_160' title='bbox 283 3285 377 3348; x_wconf 86' lang='lat' dir='ltr'><strong>prece</strong></span> <span class='ocrx_word' id='word_1_161' title='bbox 389 3269 496 3352; x_wconf 82' lang='lat' dir='ltr'><strong>finite,</strong></span> <span class='ocrx_word' id='word_1_162' title='bbox 510 3271 689 3333; x_wconf 82' lang='lat' dir='ltr'><strong>Machomes</strong></span> <span class='ocrx_word' id='word_1_163' title='bbox 706 3269 865 3350; x_wconf 87' lang='lat' dir='ltr'><strong>inquirere</strong></span> <span class='ocrx_word' id='word_1_164' title='bbox 879 3271 999 3352; x_wconf 86' lang='lat' dir='ltr'><strong>coepit,</strong></span> 
     </span>
     <span class='ocr_line' id='line_1_27' title="bbox 262 3375 1048 3460; baseline 0.006 -22"><span class='ocrx_word' id='word_1_165' title='bbox 262 3378 462 3459; x_wconf 81' lang='lat' dir='ltr'><strong>nuncnunc,</strong></span> <span class='ocrx_word' id='word_1_166' title='bbox 481 3394 567 3440; x_wconf 89' lang='lat' dir='ltr'><strong>nune</strong></span> <span class='ocrx_word' id='word_1_167' title='bbox 579 3375 667 3439; x_wconf 91' lang='lat' dir='ltr'><strong>illum</strong></span> <span class='ocrx_word' id='word_1_168' title='bbox 681 3376 911 3440; x_wconf 83' lang='lat' dir='ltr'><strong>dissimulando</strong></span> <span class='ocrx_word' id='word_1_169' title='bbox 925 3380 1048 3460; x_wconf 70' lang='lat' dir='ltr'><strong>locum,</strong></span> 
     </span>
     <span class='ocr_line' id='line_1_28' title="bbox 221 3482 977 3564; baseline 0.004 -21"><span class='ocrx_word' id='word_1_170' title='bbox 221 3485 312 3562; x_wconf 88' lang='lat' dir='ltr'><strong>Post,</strong></span> <span class='ocrx_word' id='word_1_171' title='bbox 326 3485 480 3564; x_wconf 82' lang='lat' dir='ltr'><strong>tunquam</strong></span> <span class='ocrx_word' id='word_1_172' title='bbox 490 3500 585 3563; x_wconf 76' lang='lat' dir='ltr'><strong>essu,</strong></span> <span class='ocrx_word' id='word_1_173' title='bbox 601 3484 702 3546; x_wconf 79' lang='lat' dir='ltr'><strong>fossas</strong></span> <span class='ocrx_word' id='word_1_174' title='bbox 716 3482 843 3547; x_wconf 88' lang='lat' dir='ltr'><strong>divertit</strong></span> <span class='ocrx_word' id='word_1_175' title='bbox 854 3483 896 3546; x_wconf 83' lang='lat' dir='ltr'><strong>ad</strong></span> <span class='ocrx_word' id='word_1_176' title='bbox 909 3483 977 3546; x_wconf 80' lang='lat' dir='ltr'><strong>illas</strong></span> 
     </span>
     <span class='ocr_line' id='line_1_29' title="bbox 260 3588 935 3670; baseline -0.003 -16"><span class='ocrx_word' id='word_1_177' title='bbox 260 3589 323 3654; x_wconf 88' lang='lat' dir='ltr'><strong>mel</strong></span> <span class='ocrx_word' id='word_1_178' title='bbox 335 3588 387 3652; x_wconf 88' lang='lat' dir='ltr'><strong>ubi</strong></span> <span class='ocrx_word' id='word_1_179' title='bbox 398 3589 511 3670; x_wconf 80' lang='lat' dir='ltr'><strong>lacque</strong></span> <span class='ocrx_word' id='word_1_180' title='bbox 523 3588 611 3670; x_wconf 89' lang='lat' dir='ltr'><strong>prius</strong></span> <span class='ocrx_word' id='word_1_181' title='bbox 622 3588 690 3670; x_wconf 92' lang='lat' dir='ltr'><strong>ipse</strong></span> <span class='ocrx_word' id='word_1_182' title='bbox 702 3588 935 3653; x_wconf 84' lang='lat' dir='ltr'><strong>recondiderat.</strong></span> 
     </span>
     <span class='ocr_line' id='line_1_30' title="bbox 220 3694 1092 3778; baseline 0.006 -22"><span class='ocrx_word' id='word_1_183' title='bbox 220 3699 317 3758; x_wconf 87' lang='lat' dir='ltr'><strong>Porro</strong></span> <span class='ocrx_word' id='word_1_184' title='bbox 330 3694 517 3777; x_wconf 84' lang='lat' dir='ltr'><strong>cespitibus,</strong></span> <span class='ocrx_word' id='word_1_185' title='bbox 533 3712 619 3759; x_wconf 87' lang='lat' dir='ltr'><strong>nunc</strong></span> <span class='ocrx_word' id='word_1_186' title='bbox 631 3695 724 3776; x_wconf 88' lang='lat' dir='ltr'><strong>hinc,</strong></span> <span class='ocrx_word' id='word_1_187' title='bbox 739 3712 826 3760; x_wconf 90' lang='lat' dir='ltr'><strong>nunc</strong></span> <span class='ocrx_word' id='word_1_188' title='bbox 838 3695 931 3778; x_wconf 90' lang='lat' dir='ltr'><strong>inde,</strong></span> <span class='ocrx_word' id='word_1_189' title='bbox 944 3697 1092 3776; x_wconf 86' lang='lat' dir='ltr'><strong>remotis,</strong></span> 
     </span>
     <span class='ocr_line' id='line_1_31' title="bbox 260 3802 917 3883; baseline 0.005 -21"><span class='ocrx_word' id='word_1_190' title='bbox 260 3803 358 3864; x_wconf 79' lang='lat' dir='ltr'><strong>nitere</strong></span> <span class='ocrx_word' id='word_1_191' title='bbox 371 3804 526 3865; x_wconf 81' lang='lat' dir='ltr'><strong>fossarum</strong></span> <span class='ocrx_word' id='word_1_192' title='bbox 542 3804 604 3864; x_wconf 91' lang='lat' dir='ltr'><strong>mei</strong></span> <span class='ocrx_word' id='word_1_193' title='bbox 617 3802 722 3883; x_wconf 89' lang='lat' dir='ltr'><strong>dedit,</strong></span> <span class='ocrx_word' id='word_1_194' title='bbox 737 3804 835 3865; x_wconf 83' lang='lat' dir='ltr'><strong>ultera</strong></span> <span class='ocrx_word' id='word_1_195' title='bbox 849 3803 917 3882; x_wconf 81' lang='lat' dir='ltr'><strong>lec,</strong></span> 
     </span>
     <span class='ocr_line' id='line_1_32' title="bbox 220 3906 932 3988; baseline -0.003 -17"><span class='ocrx_word' id='word_1_196' title='bbox 220 3911 289 3982; x_wconf 86' lang='lat' dir='ltr'><strong>Quo</strong></span> <span class='ocrx_word' id='word_1_197' title='bbox 299 3907 401 3987; x_wconf 80' lang='lat' dir='ltr'><strong>magis</strong></span> <span class='ocrx_word' id='word_1_198' title='bbox 413 3907 530 3971; x_wconf 89' lang='lat' dir='ltr'><strong>indicio</strong></span> <span class='ocrx_word' id='word_1_199' title='bbox 544 3907 644 3987; x_wconf 77' lang='lat' dir='ltr'><strong>pietus</strong></span> <span class='ocrx_word' id='word_1_200' title='bbox 658 3906 763 3971; x_wconf 83' lang='lat' dir='ltr'><strong>divina</strong></span> <span class='ocrx_word' id='word_1_201' title='bbox 774 3909 932 3988; x_wconf 72' lang='lat' dir='ltr'><strong>placeret,</strong></span> 
     </span>
     <span class='ocr_line' id='line_1_33' title="bbox 261 4014 976 4097; baseline 0 -19"><span class='ocrx_word' id='word_1_202' title='bbox 261 4015 365 4081; x_wconf 84' lang='lat' dir='ltr'><strong>dulcia</strong></span> <span class='ocrx_word' id='word_1_203' title='bbox 378 4016 439 4078; x_wconf 90' lang='lat' dir='ltr'><strong>mei</strong></span> <span class='ocrx_word' id='word_1_204' title='bbox 454 4020 596 4095; x_wconf 80' lang='lat' dir='ltr'><strong>superat,</strong></span> <span class='ocrx_word' id='word_1_205' title='bbox 611 4015 693 4079; x_wconf 79' lang='lat' dir='ltr'><strong>lacte</strong></span> <span class='ocrx_word' id='word_1_206' title='bbox 704 4014 783 4097; x_wconf 87' lang='lat' dir='ltr'><strong>quid</strong></span> <span class='ocrx_word' id='word_1_207' title='bbox 793 4015 894 4079; x_wconf 79' lang='lat' dir='ltr'><strong>albius</strong></span> <span class='ocrx_word' id='word_1_208' title='bbox 908 4016 976 4079; x_wconf 82' lang='lat' dir='ltr'><strong>est?</strong></span> 
     </span>
    </p>
   </div>
   <div class='ocr_carea' id='block_1_5' title="bbox 151 4234 703 4294">
    <p class='ocr_par' dir='ltr' id='par_1_5' title="bbox 151 4234 703 4294">
     <span class='ocr_line' id='line_1_34' title="bbox 151 4234 703 4294; baseline -0.002 -13"><span class='ocrx_word' id='word_1_209' title='bbox 151 4238 182 4293; x_wconf 83' lang='lat' dir='ltr'><strong>(r)</strong></span> <span class='ocrx_word' id='word_1_210' title='bbox 197 4235 267 4294; x_wconf 63' lang='grc' dir='ltr'><strong>Βορέα</strong></span> <span class='ocrx_word' id='word_1_211' title='bbox 278 4238 376 4290; x_wconf 75' lang='lat' dir='ltr'><strong>coorto,</strong></span> <span class='ocrx_word' id='word_1_212' title='bbox 392 4246 490 4280; x_wconf 76' lang='lat' dir='ltr'><strong>moneor</strong></span> <span class='ocrx_word' id='word_1_213' title='bbox 501 4235 594 4280; x_wconf 80' lang='lat' dir='ltr'><strong>stabitis</strong></span> <span class='ocrx_word' id='word_1_214' title='bbox 608 4234 662 4280; x_wconf 85' lang='lat' dir='ltr'><strong>dens</strong></span> <span class='ocrx_word' id='word_1_215' title='bbox 677 4236 703 4280; x_wconf 82' lang='lat' dir='ltr'><strong>B.</strong></span> 
     </span>
    </p>
   </div>
   <div class='ocr_carea' id='block_1_6' title="bbox 0 0 1590 5196">
    <p class='ocr_par' dir='ltr' id='par_1_6' title="bbox 0 0 1590 5196">
     <span class='ocr_line' id='line_1_35' title="bbox 0 0 1590 5196; baseline 0 0"><span class='ocrx_word' id='word_1_216' title='bbox 0 0 1590 5196; x_wconf 95' lang='lat' dir='ltr'><strong> </strong></span> 
     </span>
    </p>
   </div>
  </div>
 </body>
</html>
