3112 5194
594 512 700 567 —331
719 541 758 552 -

221 632 307 712 Exit,
324 635 360 694 ut
372 636 421 695 est
432 637 574 714 matum,
585 637 678 713 Juxta
689 636 806 698 tlumen
820 636 1007 716 spatiatum3

219 738 325 802 Cernit
335 743 368 801 et
378 739 533 803 infantem
546 742 642 803 maris
653 740 686 804 in
699 741 768 806 rivo
780 741 968 804 fluitantem.

223 846 405 909 Adcurrunt
416 865 549 928 propere
562 847 710 929 comites,
724 847 878 928 libuitque
888 846 995 912 rudere

219 953 350 1016 infantis
363 953 488 1018 vultum
501 955 664 1034 phoebaeo
677 952 797 1016 lumine
807 952 940 1016 cultum.

220 1059 283 1123 Sub
294 1058 397 1140 specie
408 1061 539 1140 pulchra
550 1060 668 1124 retinet
679 1062 766 1123 fraus
778 1076 872 1140 saepe
885 1059 1072 1139 sepulchra:

222 1171 333 1231 Forma
346 1172 413 1232 tom
425 1170 546 1233 clarum
557 1168 634 1232 dum
646 1168 747 1232 cernit
760 1166 919 1249 quaelibet
931 1168 1066 1244 barm,

221 1272 314 1355 Dicit,
327 1272 360 1336 in
374 1275 436 1337 hoc
448 1276 561 1355 pelago
574 1275 689 1355 regalis
704 1276 804 1338 fertur
818 1274 935 1352 imago.

221 1381 442 1442 Praesentatur
452 1380 565 1462 berae,
578 1383 760 1460 praesentes
774 1394 953 1443 asserruere
966 1406 974 1440 ε

223 1508 239 1544 a
253 1485 326 1567 llic,
341 1486 451 1567 paucis
465 1486 567 1568 heria,
579 1487 754 1567 peregrinis
767 1487 861 1550 lluxit
874 1487 914 1549 ab
926 1486 991 1549 oris

222 1593 268 1656 Ad
281 1596 408 1657 nostros
418 1610 545 1675 passus,
559 1595 653 1657 nobis
666 1596 727 1657 hoc
740 1595 846 1658 littore
858 1610 981 1674 passus.
999 1616 1016 1651 »

260 1704 349 1764 Tunc
359 1700 469 1781 regina
480 1701 564 1782 potis
574 1701 653 1765 lusis
662 1717 721 1781 per
732 1701 853 1766 viscera
863 1702 946 1767 votis

222 1811 346 1870 Pannos
360 1810 538 1889 semtatur,
553 1807 641 1887 parri
652 1812 726 1888 post
736 1824 774 1873 os
786 1810 990 1889 speculatur,

223 1918 300 1978 Cum
313 1914 524 1995 perspexisset
534 1917 568 1977 et
578 1914 607 1977 ei
619 1918 706 1979 totns
719 1915 906 1996 placuisset,

223 2020 331 2083 lntulit
343 2048 352 2084 ε
364 2044 381 2081 a
395 2021 437 2083 0!
450 2021 506 2083 tali
516 2024 584 2102 jam
598 2024 777 2101 perfruerer
789 2020 923 2101 geniali,

223 2126 282 2203 Qui
295 2145 394 2208 regno
406 2132 507 2192 staret
519 2134 552 2193 et
563 2132 637 2211 post
649 2146 710 2192 nos
722 2128 933 2209 imperitaret!
952 2149 968 2184 a

224 2234 302 2299 llinc
315 2237 444 2299 suadela
457 2237 569 2318 datur,
584 2235 758 2301 inventitus
769 2236 859 2316 quod
872 2236 991 2316 alatur,

225 2342 254 2406 Si
268 2347 396 2406 maneat
408 2344 521 2407 sterilis
532 2344 659 2425 regina,
672 2344 759 2424 quod
772 2343 824 2406 hic
836 2343 878 2406 sit
890 2343 1014 2423 herilis,

224 2451 297 2510 Juro
310 2449 420 2513 fovens
431 2467 596 2531 proceres,
611 2448 701 2529 regni
715 2466 881 2512 successor
893 2452 926 2511 et
937 2428 1061 2512 haeres

265 2558 337 2617 llox
356 2556 433 2617 bern
446 2555 667 2636 prosequitur,
681 2556 787 2635 proles
800 2554 929 2618 inventa
944 2553 1101 2633 nutritur,

227 2662 327 2723 fertur
339 2664 371 2723 et
383 2679 529 2742 expresse
542 2663 671 2742 reginae
685 2660 769 2726 lilius
781 2679 870 2742 esse,

226 2769 260 2830 ld
273 2770 492 2849 promulgatur
501 2787 558 2850 per
569 2773 689 2849 metas,
703 2773 741 2832 ut
752 2769 926 2849 gradiatur.

226 2877 316 2938 Plebs
329 2878 362 2938 et
371 2876 521 2955 primates
532 2877 703 2956 laetantur,
721 2878 881 2955 ovantque
893 2877 1035 2954 penates.

226 2985 345 3044 Rumor
358 2984 394 3044 ut
404 2982 467 3045 hoc
476 2981 583 3063 rexit,
598 2981 756 3047 revolutio
769 2980 919 3061 temporis
932 2981 1014 3060 exit,

228 3089 265 3148 ut
277 3104 366 3150 mora
379 3091 540 3168 curtatur,
556 3088 666 3168 regina
681 3087 795 3149 debinc
810 3085 1009 3177 gravidatur,

228 3196 318 3256 Certa
336 3193 404 3256 dies
415 3195 575 3276 sequitur,
590 3197 742 3275 alvusque
755 3198 882 3256 tumens
895 3192 1035 3273 aperitur

228 3304 265 3363 nt
278 3301 383 3364 fundit
396 3305 523 3383 partum
535 3302 635 3383 regali
647 3301 766 3365 semine
779 3303 914 3381 partum.

228 3412 365 3473 infantes
377 3409 442 3472 aliti
459 3414 536 3473 sunt
549 3412 643 3473 ambo
657 3408 766 3473 fomite
779 3407 848 3470 miti

229 3517 267 3578 Et
279 3514 369 3596 parili
384 3534 478 3597 cura,
493 3515 637 3597 quamvis
652 3515 757 3595 dispar
771 3513 926 3594 genitura.

227 3620 347 3684 Aetatis
360 3624 489 3685 tenerae
504 3625 579 3685 tune
592 3622 685 3684 ludos
697 3636 919 3701 composuere,

228 3729 326 3792 ludas
339 3746 472 3812 exosus,
487 3747 587 3810 puero
598 3746 679 3810 puer
692 3728 906 3808 impetuosus,

230 3832 373 3896 Concitet
386 3834 535 3915 indignus
550 3836 591 3899 ad
606 3837 715 3897 lletum
728 3834 834 3897 nobile
848 3833 982 3915 pignus,

230 3939 363 4021 Obliquo
376 3959 483 4024 more,
497 3944 702 4005 vehementer
715 3944 747 4004 et
761 3943 879 4021 absque
893 3940 1019 4003 timore.

230 4047 347 4109 Thema
360 4050 541 4130 futurorum
555 4049 616 4113 fuit
629 4052 691 4114 hoc
705 4050 800 4111 fatale
813 4049 987 4129 malorum,

152 4166 154 4171 ’
232 4157 386 4234 Ignavum
399 4154 467 4219 miti
480 4156 649 4234 probibent
661 4154 825 4235 geminare
839 4152 947 4237 periti,
