3146 5192
782 554 823 564 -
835 522 892 581 lbi
903 554 944 563 -

381 646 435 710 vix
450 646 553 710 telluri
567 665 691 710 summa
705 649 822 728 pedum
836 648 1004 728 imponunt
1015 649 1158 729 vestigia.

380 777 524 859 crispant
535 780 638 843 crines
651 779 850 859 calamistro,
866 780 950 842 circa
964 784 1060 860 caput
1073 781 1230 844 condiunt
1241 786 1286 857 (l)
1299 805 1308 859 3

382 904 476 966 supra
488 887 579 950 sedes
594 886 768 966 gloriantes
779 887 888 949 Patres
900 886 960 950 dici
975 890 1143 969 appetunt,

382 991 439 1054 sed
452 1009 471 1054 a
484 992 566 1072 lupis
581 1009 693 1072 greges
706 1009 783 1054 suos
795 990 925 1054 minime
938 993 1134 1097 custodiunt.

383 1137 460 1195 Nam
474 1132 528 1196 Dei
542 1135 629 1214 plebs
643 1133 751 1195 multis
763 1134 867 1196 modis
880 1135 1034 1196 multatus
1048 1135 1191 1215 quotidie
1204 1169 1217 1217 g

384 1240 460 1302 dum
475 1239 617 1302 cavenda
630 1239 734 1301 mollis
746 1243 855 1318 pastor
867 1239 990 1303 illectus
1003 1242 1155 1322 segnitie,

384 1345 466 1408 bello
478 1345 589 1425 nequit
602 1344 686 1407 hosti
702 1344 799 1427 duro,
814 1345 894 1409 virili
909 1346 1056 1410 resistere
1069 1353 1123 1423 (2).

385 1483 494 1545 Tutior
507 1482 581 1546 binc
594 1483 696 1546 hostis
709 1485 812 1546 lactus
826 1503 884 1547 sua
898 1485 1001 1548 tendit
1013 1486 1112 1567 retia,

386 1593 437 1668 ut,
453 1587 502 1650 his
515 1591 624 1669 capta,
639 1589 860 1651 fraudulentur
873 1593 1063 1670 populorum
1078 1592 1226 1673 agmina,

386 1692 586 1755 trucidentur
598 1695 631 1754 et
644 1692 686 1754 ad
698 1710 792 1756 saeva
807 1694 966 1757 ducantur
978 1695 1125 1758 ludibria.

385 1834 545 1909 Quosdam
559 1836 652 1896 necat
666 1835 747 1896 clam
761 1835 905 1913 palamve
920 1835 1049 1897 loctenti
1064 1835 1193 1897 libidine

387 1943 419 2002 et
433 1939 556 2002 voracis
567 1939 723 2020 quosdam
737 1939 811 2019 igne
823 1940 989 2003 succendit
1003 1941 1145 2003 tenaciae
1157 1946 1221 2022 (ἰῆς

388 2046 544 2126 quosdam
557 2064 633 2110 vero
647 2049 729 2110 lastu
743 2045 847 2109 caedit
859 2046 988 2108 immitis
1003 2047 1178 2126 superbiae.

389 2185 439 2248 Sic
453 2185 570 2251 alllicta
584 2187 671 2266 plebs
684 2187 827 2267 privatur
840 2187 1022 2266 praesulum
1035 2185 1192 2265 praesidio
1204 2233 1219 2265 „

392 2292 445 2372 qui
460 2294 584 2372 placere
597 2293 691 2354 nimis
705 2295 817 2372 optant
830 2292 921 2371 fungi
936 2291 1118 2354 transitorio

393 2412 452 2457 nec
463 2399 614 2459 verentur
626 2413 763 2476 nequam
777 2395 843 2457 vita
858 2394 1023 2475 displicere
1036 2394 1180 2457 Domino.

393 2535 468 2595 (llus
480 2533 605 2615 (hlorti,
620 2537 653 2596 et
666 2538 811 2616 anetum,
827 2533 1052 2614 cuminumque
1066 2533 1235 2613 deamant3

393 2634 480 2715 quod
494 2639 543 2697 est
554 2653 697 2699 crassum
710 2635 768 2698 sibi
782 2630 929 2715 servant}
939 2634 1143 2697 macilentum
1154 2634 1346 2714 reprobant(
1371 2638 1398 2711 )‚

394 2742 509 2800 curant
521 2739 636 2820 quibus
650 2739 728 2803 cibis
742 2758 800 2802 sua
814 2745 954 2803 stercora
966 2740 1147 2803 conficiant.

394 2874 513 2933 llorum
528 2888 658 2933 mensae
671 2873 894 2951 [blonerantur
907 2890 949 2935 ex
960 2871 1092 2935 diversis
1106 2872 1233 2935 lerculis
1246 2900 1257 2953 ·,

395 2993 470 3037 vasa
481 2977 605 3056 fulgent
618 2980 771 3041 coronata
783 2977 987 3058 pigmentatis
1000 2977 1138 3058 potuim,

396 3081 511 3161 quibus
524 3087 606 3145 Deus
620 3088 731 3146 venter
744 3087 850 3146 exstat
864 3083 1021 3148 distentus
1035 3084 1164 3147 deliciis.

396 3223 503 3281 Bonus
515 3221 624 3298 pastor
639 3218 699 3283 illis
713 3219 829 3280 clamat
844 3247 852 3280 ι
868 3222 932 3281 Vae
946 3218 1006 3279 erit
1019 3216 1216 3297 pastoribus,

396 3326 450 3406 qui
467 3329 640 3388 vescuntur
654 3325 759 3405 gregis
772 3325 821 3388 sui
836 3323 989 3404 saginatis
1001 3323 1166 3407 carnibuS,

397 3431 471 3512 quia
485 3435 579 3493 erunt
591 3430 762 3511 mancipati
776 3429 891 3493 inserui
905 3430 1095 3522 tortoribus

397 3567 498 3641 linge,
513 3564 620 3624 Patres
633 3561 821 3641 venerandi,
837 3559 994 3640 sapienter
1009 3559 1103 3624 vivite

347 3789 376 3843 (tt
390 3786 560 3835 Probablement
570 3784 641 3828 Circo
650 3790 684 3828 est
693 3784 722 3827 ici
731 3794 775 3826 une
785 3782 862 3841 prepo-
924 3783 952 3837 (ὅ)
966 3781 1068 3826 Teucria
1077 3796 1133 3838 pour
1145 3782 1282 3837 Teneritas,
1295 3784 1405 3839 tranire,
1416 3796 1443 3829 sa

321 3851 402 3903 sltlon,
425 3849 521 3904 quoique
544 3858 601 3891 nous
619 3845 711 3902 n’apous
731 3845 814 3899 jamnis
832 3855 861 3887 tu
898 3851 976 3888 trouve
999 3845 1054 3889 dans
1074 3846 1103 3889 du
1124 3845 1213 3901 Gange,
1237 3852 1254 3890 t.
1276 3845 1320 3900 vt,
1343 3858 1365 3902 p.
1384 3850 1441 3900 532,

321 3913 404 3955 donner
415 3910 429 3955 d
442 3909 543 3954 condire
557 3920 601 3952 une
616 3905 763 3964 signillcation
774 3906 863 3948 intran-
899 3907 940 3951 col.
952 3916 973 3955 3.

322 3974 397 4018 sim
925 4005 954 4058 (tt
968 4003 985 4046 ll
997 4015 1011 4059 p
1025 4015 1038 4047 a
1054 4003 1110 4047 daus
1123 4002 1144 4045 le
1162 4014 1204 4046 mr.
1216 4001 1346 4059 reprobunt
1361 3998 1444 4043 otaci-

347 4044 377 4098 m
389 4044 509 4114 mmm
521 4053 555 4086 ‘¹¹¹'
568 4041 611 4085 ¹⁵⁹⁰
619 4040 655 4112 ,αθ
664 4042 745 4082 metm
762 4047 806 4080 ‘¹¹¹⁰
816 4035 864 4079 'if'
898 4065 1002 4118 lentum
1017 4070 1076 4109 cette
1085 4063 1242 4121 transposition
1252 4063 1308 4108 etait
1316 4060 1446 4107 accersitae

323 4103 534 4160 gebamundum,
548 4104 681 4147 detrun-on
697 4099 718 4142 lo
735 4104 863 4153 transposer
899 4139 939 4184 W
949 4126 969 4171 ,ο
978 4126 1090 4182 mmm

324 4174 346 4212 et
361 4165 451 4209 tertre:

368 4240 417 4272 Duru
426 4239 474 4271 bello
485 4239 545 4278 inoluit
556 4238 604 4269 ltosti
614 4236 661 4269 virili
671 4236 760 4266 renuero.
