3162 5188
806 461 951 518 *ol-

364 616 403 628 -
416 583 586 645 clarissima
600 583 824 646 miraculorum
838 584 1030 661 coruscatio,
1054 618 1093 628 —
1117 600 1183 645 non
1203 584 1305 645 solum
1327 584 1434 647 vicina

365 707 507 770 quaeque
530 691 617 769 loca,
642 724 682 738 -
707 690 930 753 verumetiam
950 690 1049 754 totius
1071 694 1213 770 Europae
1226 691 1379 755 terminos
1392 727 1438 738 -

364 797 506 876 adusque
519 796 634 859 Oceani
648 795 760 859 limbos
772 832 813 843 -
826 797 1013 859 illustrabat.

325 900 424 978 liujus
437 898 534 976 igitur
547 897 761 976 gloriosissimi
773 900 871 979 patris
882 900 1033 980 exemplis
1047 905 1176 964 sanctus
1189 902 1380 965 leudericus
1393 936 1439 949 —-

361 1002 481 1083 jugiter
492 1002 676 1084 irradiatus,
691 1039 731 1050 -
744 1006 859 1068 ardens
870 1005 1025 1068 desiderio
1036 1005 1204 1086 virtutum,
1219 1042 1259 1052 -
1272 1008 1441 1069 crescebat

364 1108 397 1170 in
410 1109 512 1171 virum
525 1109 710 1187 perfeetum.

325 1210 436 1274 Omnia
450 1229 532 1292 quae
545 1210 693 1275 videntur
706 1212 875 1293 vilescunt,
890 1249 930 1258 -
948 1231 1029 1293 quae
1042 1232 1107 1276 non
1120 1214 1267 1276 videntur
1288 1215 1322 1276 in
1343 1215 1439 1277 desi-

365 1311 452 1375 derio
464 1316 549 1374 sunt.

325 1420 460 1499 copulae
474 1417 622 1498 nuptialis
633 1434 722 1479 amor
734 1418 900 1480 amarescit
908 1444 916 1498 3
924 1418 1157 1482 -indulcescit
1164 1436 1253 1481 amor
1265 1421 1435 1483 castitatis,

324 1521 393 1584 Otia
407 1521 565 1584 solitariae
578 1521 661 1584 vitae
674 1522 817 1601 placent,
831 1522 987 1584 -carnis
1001 1523 1128 1602 negotia
1141 1524 1316 1603 displicent.

325 1630 422 1688 Amor
433 1641 540 1687 amore
552 1624 767 1704 extinguitur,
782 1660 823 1672 -
835 1626 913 1688 nihil
928 1626 1027 1688 amori
1040 1628 1152 1690 Christi
1166 1630 1351 1707 praefertur.

327 1728 541 1791 Renuntiatur
553 1728 690 1808 mundo,
705 1763 745 1772 -
758 1729 871 1790 foedus
883 1729 981 1792 initur
994 1749 1067 1793 cum
1080 1735 1154 1795 Deo.

327 1835 447 1897 Bellum
460 1832 609 1895 indicitur
623 1831 722 1913 hosti,
734 1866 774 1878 -
787 1832 938 1912 singulari
951 1837 1041 1897 locus
1052 1835 1214 1914 quaeritur
1225 1837 1402 1900 certamini.

328 1941 466 2016 Sponsus
488 1934 658 2015 alloquitur
688 1952 852 2017 sponsam,
876 1972 915 1983 -
944 1938 1050 2018 sponsi
1073 1939 1240 2015 coelestils)
1264 1942 1440 2019 (h)ortatur

369 2059 526 2121 amorem,
539 2075 579 2089 -«
590 2044 775 2120 perpetuam
788 2058 845 2119 pro
858 2040 1038 2120 virginitate
1056 2043 1219 2122 pollicetur
1230 2061 1392 2108 coronam.

329 2153 364 2210 ln
378 2145 568 2220 caelebis(1)
583 2144 757 2223 praemium
770 2182 810 2190 —
824 2145 912 2225 sequi
926 2146 1119 2225 promittitur
1132 2165 1259 2226 agnum.
1309 2215 1311 2218 ,

264 2318 270 2331 ,
329 2251 391 2316 Sed
403 2266 517 2330 sponsa
532 2248 637 2310 adbuc
650 2250 814 2312 tabescens
828 2267 935 2313 amore
946 2250 1082 2332 camali,
1103 2288 1144 2297 -
1157 2252 1304 2314 deridens
1315 2255 1439 2332 spernit

368 2353 417 2414 sui
431 2351 580 2415 salutaria
592 2351 712 2414 monita
723 2352 840 2432 sponsi.

331 2457 501 2521 Mirabatur
524 2455 609 2517 enirn
635 2473 668 2518 se
692 2456 797 2519 subito
820 2457 995 2540 repudiari,
1009 2478 1135 2523 -cum
1162 2461 1271 2523 debuit
1294 2466 1440 2543 conjunx

369 2559 448 2622 fieri.

330 2670 431 2745 Aegre
443 2665 547 2726 ferens
561 2662 685 2725 fastidia
699 2665 763 2743 pati
776 2700 816 2709 -
829 2668 997 2745 antequam
1010 2673 1117 2747 posset
1129 2686 1211 2731 uxor
1223 2669 1339 2733 vocari.

331 2773 444 2832 imaro
458 2768 563 2831 animo
577 2769 766 2850 respondet,
780 2805 820 2815 —
834 2788 908 2833 eum
921 2788 955 2833 se
966 2773 1145 2853 despectam
1159 2774 1256 2836 videt.

330 2878 408 2938 Cum
421 2874 517 2954 igitur
531 2877 659 2935 sanctus
671 2874 861 2937 leudericus
875 2882 1017 2940 cerneret
1033 2915 1073 2923 -
1085 2881 1171 2959 quod
1195 2898 1252 2942 sua
1272 2881 1439 2960 persuasio

370 2978 404 3040 in
417 2978 522 3039 animo
535 2994 669 3056 sponsae
682 2978 787 3040 locum
801 2997 866 3041 non
879 2981 1027 3063 baberet,
1050 3018 1090 3027 -
1108 3003 1173 3046 non
1187 2985 1439 3050 consentientem

370 3081 429 3143 sibi
443 3081 558 3143 deserit
569 3116 609 3128 -
620 3083 716 3160 atque
729 3081 866 3161 pacificis
877 3083 906 3145 ei
919 3085 1021 3149 verbis
1035 3087 1189 3151 valedicit.

331 3194 418 3252 Tunc
431 3192 499 3250 erat
511 3189 589 3250 urbe
602 3193 755 3250 Remense
768 3190 924 3267 quaedam
942 3191 1075 3253 caelebis
1093 3193 1267 3274 abbatissa,
1280 3229 1320 3238 —
1332 3193 1439 3256 sacri·

371 3293 489 3357 tissima
502 3295 533 3371 (l.
547 3293 768 3369 sacratissima)
781 3294 886 3375 virgo,
902 3295 1029 3357 nomine
1042 3299 1194 3358 Susanna.

331 3406 417 3477 Quae
428 3401 486 3463 sub
500 3397 695 3478 providentia
707 3399 821 3461 summi
833 3400 1005 3481 pontilicis,
1025 3400 1107 3464 beati
1129 3402 1272 3485 Reurigii,
1287 3441 1326 3449 —
1339 3407 1437 3485 puel-

370 3507 428 3569 lari
440 3504 576 3587 praefuit
587 3504 835 3584 congregationi.

331 3614 457 3679 Femina
468 3610 564 3676 virilis
578 3609 694 3689 animi,
709 3608 868 3689 —virago
880 3612 1026 3690 profundi
1038 3614 1175 3696 consilii,
1189 3652 1230 3663 -
1240 3617 1438 3683 consiliatrix

370 3715 489 3779 altioris
501 3711 630 3792 ingenii.

269 3841 273 3849 ·
332 3822 378 3883 nd
392 3823 441 3900 cuj
446 3835 482 3881 us
492 3815 641 3898 ,-quasi
656 3816 696 3877 ad
709 3815 865 3895 piissimae
878 3819 987 3882 matris
998 3820 1178 3885 mitissimos
1192 3822 1296 3905 sinus,
1309 3860 1349 3870 -
1362 3843 1438 3888 con-

371 3925 443 3988 tulit
455 3942 489 3986 se
503 3925 632 3985 sanetus
645 3921 842 3984 leudericus.

358 4093 385 4148 υ)
400 4092 462 4138 Galle
479 4092 561 4145 forme,
579 4091 618 4147 qui
635 4091 692 4136 n’esl
709 4102 749 4146 pas
762 4090 863 4148 indiquee
899 4090 967 4144 lauta,
983 4094 1076 4149 pulsque
1091 4105 1148 4138 nous
1167 4091 1187 4138 la
1199 4099 1328 4140 trourarons
1346 4105 1374 4140 au
1393 4107 1436 4143 no-

331 4153 386 4198 dans
402 4153 431 4197 du
446 4153 532 4209 Gange,
547 4153 602 4198 n’est
620 4164 672 4197 sans
686 4153 752 4197 doute
765 4166 805 4209 pas
821 4165 863 4196 une
900 4154 988 4199 minutii
998 4154 1033 4200 six
1045 4155 1145 4209 stropbes
1158 4155 1205 4211 plus
1219 4156 1265 4201 baa.
