3112 5194
584 497 750 556 -347—

187 623 245 700 Qui
255 627 300 699 (1)
313 622 382 687 sine
392 623 546 702 praelato,
562 622 631 685 sine
641 621 761 702 judice,
776 638 922 701 quaeque
934 622 1107 701 gerebant:

186 750 260 793 nam
272 729 419 793 dominos
430 746 586 808 regesque
600 745 676 792 suos
687 727 794 807 gladio
809 726 1015 807 perimebant.
1135 754 1138 759 >

187 842 277 901 llune
287 838 442 917 populum
452 839 567 899 Caesar
580 816 680 898 Pilato
695 835 756 897 rite
766 834 944 914 regendum

187 944 373 1025 committit,
386 944 461 1024 quia
474 942 576 1007 credit
587 959 663 1005 eum
672 941 779 1005 subito
795 940 1037 1021 perimendum(
1060 942 1080 1020 ).

187 1052 299 1115 Missus
311 1051 353 1114 ad
363 1052 423 1114 bos
433 1049 532 1130 igitur
545 1050 705 1113 tractabat
716 1064 862 1128 quaeque
874 1047 1039 1127 modeste,

185 1177 306 1241 proque
314 1158 409 1223 minis
421 1156 584 1220 blanditur
593 1156 640 1220 eis
652 1159 684 1219 et
691 1154 768 1220 vivit
781 1156 935 1217 honeste:

189 1266 314 1329 Talibus
328 1283 405 1346 ergo
418 1263 523 1328 modis
536 1262 595 1327 sibi
609 1262 768 1343 quoslibet
778 1260 955 1340 alliciebat,

192 1378 224 1437 et
236 1373 318 1436 fidos
332 1372 437 1437 socios
446 1374 479 1434 et
490 1371 610 1435 amicos
623 1370 790 1433 efficiebat.

189 1486 320 1563 Jamque
333 1482 437 1561 placet
448 1480 591 1561 cunctis,
602 1482 669 1559 J'am
682 1478 799 1558 dignus
808 1477 945 1540 babetur
958 1477 1095 1553 bonore3

186 1592 254 1670 jam
268 1590 396 1652 servant
409 1588 514 1669 leges,
527 1605 586 1650 nec
599 1588 734 1666 peccant
747 1587 867 1665 absque
882 1583 1007 1646 timore.

250 1695 347 1759 Auxit
360 1694 388 1757 ei
403 1711 520 1757 nomen
534 1696 624 1756 loeus
637 1692 702 1773 bic,
718 1695 767 1754 est
778 1709 918 1772 namque
928 1693 1062 1755 vocatus

192 1802 324 1866 Pontius
337 1819 357 1864 a
370 1804 490 1882 Ponto,
504 1800 631 1863 sublimi
643 1800 721 1862 sede
734 1801 869 1862 locatus.

191 1909 323 1972 Miratur
335 1912 467 1989 Caesar,
482 1908 617 1970 miratur
630 1906 718 1970 curia
731 1908 798 1970 tota

192 2016 280 2096 quod
300 2016 348 2078 sic
360 2016 538 2078 barbariem
549 2013 707 2078 convertit
720 2014 761 2075 ad
773 2018 817 2091 (3)
827 2031 888 2075 sua
901 2017 986 2078 vota.

252 2122 392 2185 Herodes
406 2139 542 2202 regnum
555 2120 693 2184 iudaeae
706 2121 789 2183 forte
799 2122 930 2184 tenebat

193 2227 253 2291 illis
267 2229 481 2309 temporibus,
495 2245 643 2291 neceam
657 2243 708 2289 rea
721 2226 783 2289 ista
796 2228 931 2309 latebat,

193 2335 332 2411 Qualiter
345 2335 462 2416 egisset
473 2334 591 2397 Pilatus
605 2334 638 2397 in
651 2334 713 2397 bae
726 2334 873 2415 regione,

194 2460 276 2523 quae
290 2460 455 2523 nunqnam
466 2441 535 2505 sine
548 2442 603 2504 lite
615 2442 676 2504 luit
688 2443 739 2506 rel
747 2442 928 2521 seditione(
952 2448 972 2519 ).

194 2551 344 2631 Exemplo
356 2550 450 2613 simili
464 2550 566 2613 credit
578 2568 636 2613 sua
649 2549 810 2630 pacificari
819 2550 881 2630 (5),

195 2658 221 2721 si
232 2658 351 2723 Pilatus
364 2658 392 2721 ei
405 2657 591 2739 dignaretur
605 2656 732 2720 sociari.

195 2764 289 2829 blittit
302 2765 344 2828 ad
357 2767 444 2828 hune
457 2763 555 2846 igitur
567 2764 622 2844 qui
633 2764 679 2827 sie
691 2767 734 2842 (6)
744 2780 802 2825 sua
810 2764 900 2843 jussa
910 2763 1061 2843 loquatur
1072 2790 1080 2823 ι

198 2897 214 2933 «
224 2873 375 2954 Herodes,
390 2890 448 2936 rex
461 2873 614 2953 iudaeae,
628 2871 745 2950 allate,
758 2872 918 2951 precatur,

196 2981 236 3043 Ut
248 2978 358 3043 venias
369 2979 410 3040 ad
423 2995 508 3041 eum.
521 3000 536 3035 n
549 2977 715 3041 consentit
727 2980 760 3038 et
772 2974 999 3054 ingrediuntur

197 3103 330 3168 navem;
346 3087 505 3149 sulcantes
518 3103 618 3165 mare,
633 3085 869 3162 Jerusalemque
881 3083 1037 3145 feruntur.

197 3197 265 3257 Rex
274 3211 424 3273 egressus
435 3210 491 3256 eos
507 3192 647 3272 suscepit
659 3196 704 3267 (7)
716 3191 783 3271 ipse
795 3190 930 3253 libenter

198 3302 231 3362 et
243 3301 344 3363 fessos
357 3302 496 3379 recreat,
509 3299 590 3361 dans
601 3298 709 3361 omnia
723 3296 936 3359 sufficienter:

199 3405 433 3486 Consiliumque
446 3422 542 3468 suum
553 3404 654 3466 Pilato
668 3420 726 3465 rex
739 3403 808 3465 sine
820 3405 901 3464 teste

200 3496 321 3576 indicat
332 3516 365 3575 et
379 3512 508 3575 undem
524 3510 688 3574 concludit
700 3528 768 3572 rem
780 3510 959 3573 manifeste.

200 3620 399 3685 Conveniunt
412 3618 508 3699 igitur
520 3618 659 3697 equites,
670 3617 758 3698 plebs
770 3620 837 3679 tota
850 3619 995 3693 vocatur,

147 3856 176 3911 ll)
189 3855 220 3910 B;
234 3856 333 3901 liddam
343 3858 377 3911 Δ,
391 3855 444 3902 Get
454 3861 518 3900 nobe
530 3867 571 3900 ms
724 3856 752 3911 (5)
764 3854 827 3900 lons
838 3855 871 3901 les
880 3867 923 3901 ms.
937 3860 976 3900 ent
986 3866 1028 3912 par
1042 3866 1087 3901 nna
1097 3865 1175 3901 errear
1185 3854 1238 3900 tvl·

146 3944 175 4001 (²)
189 3945 224 4000 Α,
237 3945 256 3989 Β
271 3950 294 3990 et
308 3944 340 4000 ὓς
355 3945 508 4002 peremrdum
526 3945 581 3989 dana
595 3947 660 3988 notre
697 3917 763 3961 ‘¹⁰¹¹oe
772 3917 916 3974 immm-

122 4018 166 4052 ms·
175 4007 249 4053 denne
260 4019 305 4053 nae
315 4008 372 4053 rime
382 4007 529 4052 mmfflsantc.
723 3989 754 4043 (6)
768 3989 868 4044 ldanque
881 3988 937 4032 dans
950 3986 982 4040 (13
997 3988 1032 4041 Α,
1046 3985 1065 4030 Β
1078 3991 1102 4032 et
1115 3991 1179 4057 notre
1190 4000 1236 4033 m„

146 4095 176 4151 (ὅ)
189 4094 240 4140 W
248 4095 280 4152 03
291 4097 311 4140 Α
323 4101 347 4141 θῑ
355 4101 419 4141 'W‘
430 4107 473 4139 ¹¹²⁵·
482 4100 521 4140 ‘m‘
530 4095 568 4139 ξπ·
696 4052 827 4177 abbatam
838 4126 902 4165 notre
910 4131 954 4164 ms.
966 4119 1054 4165 atdans
1067 4120 1103 4164 llz

145 4184 178 4240 (d)
191 4184 224 4240 Α,
235 4185 286 4231 Boi
293 4184 324 4241 (23
333 4183 470 4241 ΜΜΜ
479 4184 535 4228 dans
545 4186 610 4227 ubire
617 4194 659 4228 ms.
742 4196 829 4237 egressor
839 4195 911 4237 excepit
920 4205 951 4228 eos
960 4203 992 4228 rex
1002 4195 1041 4235 ipae
1051 4194 1136 4227 ilbenter⁴
