3160 5196
607 515 773 591 ..331-

230 638 319 703 Unde
330 639 408 702 satis
421 640 555 718 supplex
569 637 760 717 humilisque
773 635 908 715 requirit
919 637 959 699 ab
972 638 1043 715 illo,

269 749 448 826 quarelam
463 744 600 825 graviter
615 743 821 823 corripuisset
834 760 919 804 eum.

230 855 364 918 Sanctus
378 851 428 915 ei:
446 875 462 910 a
474 856 553 915 llere
567 849 726 931 possessio
742 849 905 912 daemonis
918 866 952 912 es
966 851 1023 931 tu5

270 959 323 1020 lex
337 975 444 1039 sacra,
460 975 550 1020 sacra
564 956 662 1038 fides,
678 943 710 1019 te
725 956 913 1036 tribulante,
928 960 1011 1019 ruet.

230 1065 419 1145 CouJugium
433 1066 552 1145 solves,
571 1066 755 1144 corrumpes
766 1062 999 1143 virginitatem,

267 1171 452 1252 judicioque
464 1174 520 1234 tuo
533 1174 639 1234 castus
652 1171 777 1234 adulter
789 1170 870 1251 erit3

231 1279 330 1342 Exlex
343 1278 521 1357 legitimum
536 1277 699 1341 damnabit
711 1277 841 1358 iniquus
854 1276 992 1341 amicum

266 1385 426 1468 justitiae,
441 1385 542 1466 pietas
557 1384 718 1465 impietate
732 1384 836 1449 cadet.

230 1495 273 1554 Tu
289 1492 402 1573 iacies,
417 1492 533 1554 mentis
546 1494 584 1555 ut
597 1492 796 1556 circumcisio
810 1492 949 1573 nonsit,

271 1601 307 1660 ut
318 1598 429 1661 redeat
441 1598 564 1679 carnis,
579 1602 616 1661 ut
631 1617 721 1661 sacra
736 1603 838 1662 cesset
851 1616 951 1680 aqua,

230 1709 331 1784 thue
344 1706 456 1786 loquar
469 1705 607 1769 breviter
617 1709 679 1788 (l),
694 1706 796 1769 Adam
806 1710 947 1769 veterem
960 1706 1130 1769 renovabis

271 1814 367 1891 atque
383 1829 483 1876 novas
497 1816 540 1888 (Ξ)
553 1813 639 1891 leges
653 1811 695 1873 ad
705 1811 859 1876 nichilum
872 1811 1008 1892 rediges.
1022 1833 1037 1868 n

231 1923 317 1982 Tunc
330 1920 509 1983 Machames
522 1922 707 1982 constanter
720 1918 765 1981 ait
778 1935 812 1981 se
825 1910 921 1982 malle
933 1918 1065 1981 cremari

270 2043 367 2105 quam
381 2044 439 2107 pro
453 2026 586 2105 seleges
600 2026 642 2088 ad
655 2025 808 2088 nichilum
822 2024 934 2105 redigi.

231 2133 284 2196 Vir
296 2137 404 2196 tamen
417 2133 469 2195 ille
482 2132 536 2195 Dei
550 2131 774 2195 nichilominus
786 2132 931 2212 increpat
944 2132 1034 2195 illum

271 2259 352 2322 aque
366 2245 410 2317 (3)
423 2259 480 2304 sua
495 2239 575 2302 lacic
585 2243 652 2320 jam
665 2240 777 2320 procul
790 2238 835 2301 ire
845 2239 946 2319 Juhet.

233 2347 411 2411 abscedens
425 2348 604 2410 llacliomes
617 2350 650 2408 et
663 2345 767 2410 Sancti
780 2345 866 2410 dicta
878 2347 1061 2427 revolvens,

273 2454 457 2517 innumeras
474 2453 580 2517 auimo
594 2456 718 2535 fertque
731 2455 914 2534 refertque)
926 2452 1022 2517 vices.

234 2563 310 2623 llam
324 2561 363 2623 de
377 2578 412 2623 se
422 2564 538 2625 Sancto
551 2562 719 2642 plusquam
732 2560 792 2623 sibi
804 2561 934 2624 credere
945 2559 1071 2642 coepit,
1091 2627 1093 2631 ,

273 2669 305 2729 et
318 2667 401 2730 siout
413 2671 553 2732 mentem
567 2666 613 2732 sic
626 2667 728 2732 variat
742 2667 877 2748 taciem3

234 2778 363 2856 Jamque
376 2775 455 2838 satis
466 2778 573 2856 posset
586 2775 752 2838 advertere
765 2773 898 2854 quilibet
910 2773 1018 2852 illum,

273 2900 338 2944 nou
349 2881 465 2962 proprii
476 2881 560 2963 juris
571 2898 640 2944 esse
654 2880 711 2943 sed
724 2879 865 2943 alterius.

235 2994 374 3052 Daemon
384 2987 469 3051 enirn
482 2988 620 3051 ducebat
632 3004 706 3049 eum
719 3003 913 3066 quocunque
924 2986 1071 3065 volebat,

274 3094 491 3174 permissuque
504 3093 557 3156 Dei
569 3110 718 3173 prospera
732 3094 848 3154 cuncta
863 3091 969 3153 dabat.

235 3200 312 3282 Qui,
327 3200 489 3282 proprium
500 3205 606 3264 tamen
619 3200 660 3262 ad
675 3198 840 3262 domiuum
855 3199 894 3261 de
908 3215 997 3261 more
1009 3215 1177 3277 reversus,

276 3308 444 3389 exequitur
456 3309 585 3372 solitum
599 3307 729 3371 sedulus
742 3305 950 3388 obsequium3

235 3419 409 3479 conservos
422 3415 462 3478 ad
477 3432 511 3477 se
524 3416 636 3494 vocat3
651 3412 792 3475 adsunt:
806 3412 940 3491 imperat
953 3410 1034 3491 illis3

275 3521 358 3583 illius
370 3520 508 3600 imperiis
523 3520 730 3583 accelerando
745 3520 864 3581 favent.

235 3627 340 3692 Serica
351 3644 425 3689 cum
439 3626 529 3708 tyriis
543 3631 575 3689 et
585 3624 707 3688 murice
717 3623 812 3705 pallia
826 3623 944 3701 tincta,

274 3734 408 3815 plurima
422 3738 585 3816 praeterea
598 3751 681 3815 quae
690 3731 829 3813 pretiosa
842 3733 957 3812 putant
968 3778 977 3811 ,

235 3848 278 3905 lie
293 3842 412 3906 domiui
423 3846 556 3906 sumunt
567 3840 724 3904 thesauris
738 3842 835 3919 atque
848 3838 989 3901 camelos

276 3965 317 4013 ex
330 3948 405 4028 ipsis
420 3950 573 4029 onerant3
587 3947 632 4011 sic
646 3947 705 4010 iter
716 3945 882 4026 arripiunt.

168 4143 196 4188 (li
210 4137 377 4183 Breoiuadans
391 4139 419 4182 B.
742 4138 771 4183 (ὅ)
787 4134 851 4192 Eque
866 4134 922 4178 dans
933 4132 963 4176 B.
1023 4142 1025 4146 “

168 4204 195 4242 lei
210 4200 333 4245 Nooidaus
344 4203 371 4244 Α.
