3118 5198
569 491 729 545 -185-

230 604 281 666 Vir
293 607 397 670 bonae
410 611 558 691 conjugis
576 614 689 678 beatus
703 616 819 679 dicitur

229 714 285 776 sed
298 715 382 777 bona
395 716 449 780 vix
460 736 544 782 uxor
556 725 613 783 aut
625 724 661 798 (l.
677 725 790 786 mulier
804 724 873 805 vix)
889 745 1054 809 nunquam
1073 729 1206 809 legitur,

227 826 285 884 aut
298 823 358 885 erit
371 828 545 890 contumax
558 832 615 890 aut
627 831 847 914 fornicabitur,

229 947 289 992 nec
300 929 403 993 virum
416 934 578 1013 proprium
591 954 737 1016 praeesse
749 942 792 1019 (1)
807 940 937 1020 patitur.

230 1067 387 1127 Benarum
400 1070 576 1148 conjugum
586 1075 636 1132 est
649 1088 773 1135 summa
787 1073 919 1153 ratitum

230 1171 269 1234 de
288 1172 462 1237 millenaria
480 1175 535 1239 vix
554 1177 614 1239 erit
629 1179 752 1259 unitas3

186 1267 191 1274 ¹
230 1280 644 1363 estvirimelicrquaedam
661 1286 811 1365 iniquitas

231 1406 325 1467 quam
338 1390 541 1453 benefaciens
557 1392 668 1454 uxoris
686 1393 840 1473 aequitas.

230 1524 360 1585 Omnem
379 1524 516 1603 excipiet
528 1528 570 1602 (2)
584 1526 701 1589 femina
715 1530 893 1591 masculum

231 1623 419 1709 omnemque
432 1631 559 1695 subdita
572 1632 672 1697 vincit
682 1634 884 1715 testiculum3

231 1732 299 1811 quis
311 1739 418 1813 posset
432 1738 602 1818 conjugis)
614 1740 734 1819 replere
745 1742 928 1804 vasculum?

232 1844 306 1902 Nam
319 1859 384 1905 una
398 1844 512 1907 mulier
526 1846 639 1925 fatigat
652 1832 815 1927 populum.

231 1975 415 2040 insatiabilis
429 1980 523 2043 vulva
535 1999 601 2044 non
615 1982 738 2063 deficit,

230 2099 288 2145 nec
301 2102 400 2148 unam
413 2085 563 2149 feminam
581 2087 629 2152 vir
643 2106 726 2151 unus
740 2089 858 2168 relicit3

230 2187 348 2252 idcirco
359 2191 473 2253 mulier
485 2210 520 2254 se
534 2194 643 2257 multis
657 2196 829 2277 subljlicit‚

233 2297 287 2360 sed
301 2300 334 2371 (l.
350 2300 393 2377 et)
406 2300 512 2364 adhuc
526 2301 701 2381 suhilgtens
710 2305 752 2383 (3)
766 2303 863 2366 dicit:
879 2309 947 2367 Nun
962 2304 1088 2368 sufficit.

231 2433 304 2508 Quis
318 2434 480 2497 suliiceret
492 2437 525 2512 (l.
542 2436 727 2513 satisfaciet)
740 2437 768 2500 ei
783 2455 839 2517 per
853 2439 991 2502 coitum?

233 2539 290 2614 Qui
305 2543 423 2604 coeunt
434 2541 528 2604 nimis
541 2542 711 2607 incurrunt
724 2544 846 2607 obitum
860 2594 868 2625 ,

230 2647 257 2710 ei
271 2666 338 2711 non
352 2649 468 2714 serviet
481 2650 615 2730 quisque
628 2651 669 2714 ad
684 2651 827 2733 libitum,

232 2759 265 2819 ut
279 2758 393 2821 reddat
406 2758 528 2822 tociens
542 2759 669 2821 carnale
682 2758 835 2822 debitum.

231 2892 349 2955 ldcircu
363 2891 517 2972 plurimae
530 2891 612 2953 fiunt
623 2890 786 2954 adulterae
798 2920 806 2972 3

190 3032 193 3037 ·
231 2999 337 3062 taedet
350 3002 382 3060 et
394 2997 546 3078 plurimas
559 2998 690 3061 maritus
704 3001 746 3077 (l)
758 2998 864 3062 vivere
875 3026 883 3079 ς

230 3124 302 3169 cum
315 3106 423 3168 nullus
434 3104 570 3168 feminae
580 3104 680 3185 possit
692 3109 737 3181 (5)
749 3105 912 3185 sufficere,

230 3213 301 3277 dice
312 3212 400 3293 quod
414 3211 532 3275 nemini
546 3211 675 3292 expedit
688 3210 793 3275 vivere
805 3212 839 3287 (l.
855 3212 998 3287 nubere).

229 3349 282 3409 Est
294 3346 404 3427 lingua
419 3346 544 3427 gladius
558 3345 591 3408 in
605 3362 661 3408 ore
675 3344 830 3426 feminae,

229 3472 292 3534 quo
305 3452 355 3520 vir
367 3452 544 3533 percutitur
558 3455 711 3532 tanquam
726 3470 744 3514 a
759 3452 890 3515 fulmine
902 3484 910 3532 ᾖ

232 3563 381 3641 perhanc
393 3559 536 3623 hilaritas
551 3558 633 3639 sugit
646 3560 686 3622 ab
700 3559 846 3639 homine3
865 3627 867 3635 ¹

231 3670 345 3733 domus
358 3665 511 3731 evertitur
525 3666 656 3728 australi
670 3666 796 3729 turbine
810 3671 819 3741 (
844 3671 863 3740 ).

230 3806 312 3864 lrata
326 3798 440 3862 mulier
453 3797 558 3878 perdit
569 3797 737 3862 consilium

46 3894 48 3963 l

46 3976 48 4029 l

134 4002 159 4043 ll)
169 3998 231 4044 lurla
243 4012 275 4044 se.
698 4001 728 4048 (ll
741 3997 815 4052 Quam
827 3996 934 4053 plurimas
949 4000 1051 4043 maritas.

697 4070 726 4114 (5)
741 4066 758 4109 ll
773 4080 786 4122 y
803 4067 883 4111 allans
895 4068 915 4112 le
927 4080 969 4113 ms.
982 4069 1009 4114 dc
1023 4070 1043 4114 la
1058 4070 1083 4114 Β.
1097 4071 1125 4115 ll.
1138 4070 1213 4114 multis

671 4128 758 4172 laminis
773 4129 866 4184 possint.

46 4198 48 4277 p
135 4186 159 4228 (ὅ)
171 4185 252 4233 sitiens.
698 4202 727 4243 (6)
743 4199 769 4243 Ul
781 4205 858 4244 austro
872 4201 963 4246 iulmine
975 4202 1030 4247 dans
1042 4202 1062 4247 le
1074 4213 1115 4246 ms.
1128 4201 1154 4246 ll.
1166 4202 1196 4245 ll.

135 4095 160 4136 (2)
173 4092 283 4152 Suscipiet.
