3112 5194
571 515 612 527 -··
626 487 684 542 279
697 516 735 525 -

388 611 516 675 seduxit
529 612 666 676 christus
676 613 800 677 Domini
817 617 828 693 (
850 622 868 691 ).

388 750 479 812 Venit
492 748 578 830 pacis
591 750 651 812 sub
663 749 784 831 speeie,

390 860 489 921 tultus
502 860 595 923 turba
610 859 789 941 nequitiae3

389 967 504 1029 falsum
516 967 640 1046 tingens
652 967 832 1047 negotium,

389 1073 474 1153 regis
487 1072 628 1136 tardavit
641 1073 752 1136 otium.

390 1205 542 1270 Donativa
555 1207 777 1287 subsequitur,

390 1313 448 1375 sed
461 1312 563 1393 gratia
576 1313 765 1395 negligitur3

392 1419 500 1484 dotum
513 1420 659 1501 ingratus
675 1419 796 1500 gratiae

392 1506 510 1590 blanda
521 1529 605 1590 cetat
616 1527 676 1589 snb
690 1526 781 1589 faeie.

392 1660 516 1725 invadit
526 1658 706 1723 solitarium

392 1767 471 1831 nihil
484 1766 600 1832 timens
609 1769 653 1847 (2)
663 1767 875 1848 eontrarium,

392 1874 578 1956 aggreditur
590 1874 623 1937 in
634 1874 753 1938 lectulo

392 1999 488 2063 quem
501 2000 567 2046 non
582 1983 682 2045 audet
699 1981 733 2046 in
745 1982 875 2062 praetio.

393 2117 443 2182 Sie
456 2116 566 2179 infelix
577 2116 626 2179 vir
636 2114 750 2196 Belial,

395 2227 474 2288 alter
484 2223 576 2304 Cain,
592 2225 672 2286 alter
684 2225 797 2304 Nabal,

394 2332 448 2414 qui
460 2334 609 2395 cruentas
624 2331 654 2394 in
669 2329 813 2411 proprius

394 2455 509 2503 manus
524 2438 633 2520 injecit
646 2437 803 2502 dominos.

395 2577 485 2636 Hune
495 2574 628 2637 Herodis
639 2573 800 2657 impietas,

393 2697 489 2760 quem
502 2681 589 2743 nulla
603 2680 701 2744 nectit
710 2684 754 2758 (3)
766 2679 879 2762 pietas,

395 2785 515 2850 addicit
525 2789 568 2867 (d)
578 2804 683 2851 noxae
694 2789 823 2852 sceleris

395 2894 487 2958 malis
497 2912 605 2957 rerum
618 2913 694 2975 prae
707 2896 852 2960 caeteris.

395 3031 486 3090 Hune
499 3028 630 3091 Neronis
641 3028 823 3093 immanitas

399 3136 431 3196 et
443 3133 582 3198 enormis
593 3134 764 3201 erudelitas

399 3241 614 3303 condemnant
624 3241 842 3321 impiissimum
853 3291 861 3322 ,

398 3348 545 3414 videlieet
554 3349 626 3426 plus
639 3347 780 3428 impium.

398 3488 480 3546 Dum
492 3480 605 3562 impios
618 3498 787 3562 recenseo,

399 3590 522 3651 nullum
535 3589 675 3667 pejorem
688 3605 803 3651 censeo

400 3697 462 3758 hoe
472 3693 607 3757 Henrieo
621 3692 815 3774 nequissimo

400 3805 449 3867 vel
463 3802 559 3882 tuda,
572 3816 631 3863 suu
643 3800 741 3864 socio.

137 3999 164 4056 (t)
178 3999 351 4045 Probabiamaut
367 3996 462 4043 t’anteur
475 4009 489 4041 a
501 3997 568 4041 ventu
582 4009 646 4041 rem·
708 3996 736 4050 [at
750 3995 823 4043 atad
831 3995 950 4041 timentem
957 3996 1013 4041 dans
1022 3994 1221 4058 Pantanusgpent·

113 4058 185 4113 phem
201 4062 222 4107 la
242 4062 299 4105 rime
311 4072 352 4116 par
372 4059 393 4104 la
414 4070 569 4104 eunsnnnanee
580 4058 608 4103 de
625 4060 646 4105 ta
682 4058 820 4103 etreiant-il
833 4056 923 4107 urard
936 4057 1064 4107 timoratam.

113 4121 243 4176 uenantum
251 4127 275 4168 et
285 4123 313 4167 de
321 4121 529 4179 l’antepdnuititme,
538 4133 566 4164 on
574 4120 589 4165 ΙΙ
600 4119 648 4165 iant
709 4120 742 4177 (3)
753 4118 841 4164 Flectit
853 4118 910 4167 dans
923 4118 1030 4169 livitield.

114 4185 209 4242 eurrisser
219 4186 252 4232 ies
261 4196 303 4231 ma.
314 4189 339 4231 et
349 4184 390 4230 tire
401 4183 513 4237 emetur,
528 4182 634 4227 Domina.
711 4182 741 4238 (4)
752 4179 853 4227 Addidit
864 4181 921 4227 dana
930 4181 1055 4227 Pantanus.
