3162 5188
814 521 959 575 ..38-

330 635 488 720 desertus,
510 643 546 704 ut
559 659 618 704 nec
640 641 807 722 vestigium
829 641 861 703 in
881 658 920 704 eo
943 642 1101 703 humanae
1120 640 1324 704 habitationis
1344 658 1445 721 appa-

329 744 412 822 reat,
427 763 442 798 >r
467 743 514 805 dit
526 744 665 807 Einhard
677 750 741 825 (t),
765 749 798 807 et
818 746 864 807 les
878 746 1014 807 Annales
1029 744 1085 806 des
1098 749 1216 808 Francs
1238 748 1311 808 sont
1328 761 1444 808 encore

328 847 399 923 plus
419 850 602 929 explicites=
626 876 640 910 u
656 851 717 915 Sed
730 855 763 913 et
783 850 954 914 Heiricus..
968 896 995 911 ..
1021 849 1175 930 Hringum
1194 850 1297 930 gentis
1320 853 1445 914 Auaro-

328 967 415 1032 rum,
428 954 531 1034 longis
545 973 620 1019 vero
634 956 829 1037 temporibus
841 955 1000 1036 quietum,
1016 954 1097 1018 civili
1112 957 1194 1019 bello
1209 955 1348 1036 fatigatis
1361 956 1446 1018 inter

329 1075 363 1120 se
375 1058 583 1143 principibus,
605 1062 750 1142 spoliavit
761 1066 816 1137 (2).
834 1083 849 1117 u
869 1066 910 1123 Le
923 1062 1138 1143 chroniqueur
1156 1064 1261 1144 pubiie'
1274 1082 1331 1143 par
1346 1069 1444 1127 Lam-

329 1160 409 1224 beck
428 1166 580 1228 coniirme
593 1166 785 1246 pieinement
803 1168 872 1227 leur
886 1166 1111 1247 temoignage:
1136 1168 1311 1233 «Pervenit
1329 1170 1370 1231 ad
1391 1171 1446 1232 lo-

330 1283 418 1345 cum,
437 1268 490 1330 ubi
508 1287 600 1349 reges
616 1274 790 1333 Avarorum
804 1285 878 1331 cum
891 1268 1084 1349 principibus
1097 1271 1164 1334 suis
1177 1272 1287 1335 sedere
1304 1290 1446 1335 consue-

329 1377 458 1453 verant,
486 1393 582 1453 quem
603 1375 687 1437 etin
708 1377 817 1438 nostra
840 1373 948 1452 lingua
975 1377 1089 1456 Hringe
1109 1376 1275 1439 nominant
1294 1381 1357 1457 (3),
1374 1397 1390 1432 n
1414 1381 1448 1438 et

330 1495 411 1540 nous
430 1496 546 1541 savons
566 1497 623 1559 par
636 1483 719 1544 Saxo
739 1478 968 1542 Grammaticus
981 1479 1057 1558 qu’il
1072 1501 1092 1562 p
1115 1481 1199 1545 avait
1213 1501 1253 1544 en
1270 1485 1448 1545 Danemark

329 1599 393 1643 une
406 1582 477 1644 ville
491 1583 618 1663 appelee
631 1586 841 1666 Rinpstudium
854 1587 909 1664 (i),
924 1580 967 1646 ou
980 1587 1065 1646 iinut
1078 1583 1162 1647 avait
1173 1585 1259 1651 eleve'
1273 1604 1318 1648 un
1331 1588 1448 1667 temple

330 1687 394 1750 dia
405 1688 516 1768 Vierge
531 1690 625 1753 Marie
638 1696 692 1768 (5).
715 1692 766 1754 S'ii
789 1696 837 1755 est
859 1693 984 1758 difficile
999 1691 1182 1754 d'aecorder
1198 1708 1261 1753 une
1282 1691 1449 1754 constance

331 1793 463 1871 aveugie
477 1812 518 1856 au
537 1793 638 1856 Moine
653 1794 692 1856 de
706 1796 887 1879 Sainttiaii,
902 1817 945 1863 on
955 1795 1210 1876 doitcependant
1223 1795 1374 1858 convenir
1384 1812 1448 1874 que

330 1917 381 1962 ses
395 1898 489 1964 recits
504 1902 543 1965 de
557 1905 587 1965 la
600 1922 714 1982 guerre
727 1910 838 1969 contre
852 1909 897 1970 les
909 1910 1014 1972 Siaves
1028 1910 1061 1969 et
1071 1908 1117 1968 les
1130 1910 1219 1968 Huns
1230 1905 1356 1969 avaient
1367 1922 1449 1985 pour

330 2004 406 2066 base
420 2024 464 2067 un
478 2005 679 2088 temoignage
691 2008 846 2092 oeniaire,
860 2011 931 2091 qui,
942 2014 1032 2073 toute
1043 2007 1249 2088 exageration
1263 2006 1281 2070 a
1295 2011 1384 2089 part,
1399 2011 1449 2070 est

330 2110 370 2172 ici
385 2111 461 2173 d’un
475 2112 566 2191 poids
580 2113 812 2195 considerable,
827 2120 860 2177 et
869 2116 890 2178 il
904 2118 953 2179 est
963 2113 1144 2196 impossible
1155 2114 1194 2176 de
1207 2130 1247 2174 ne
1261 2130 1318 2192 pas
1332 2130 1450 2175 recon-

330 2218 433 2276 nattre
447 2233 510 2278 une
524 2216 596 2278 ville
611 2218 744 2280 fortifie'e
758 2218 838 2281 dans
850 2221 881 2281 ia
895 2218 1087 2298 description
1100 2216 1176 2297 qu’il
1190 2216 1296 2278 donne
1310 2214 1354 2276 du
1368 2217 1450 2297 Riep

332 2318 396 2397 pris
409 2337 466 2399 par
475 2320 545 2384 Eric
558 2323 722 2399 (Her-rim:
739 2304 872 2406 «Terra,
886 2323 1032 2404 inquiens
1048 2322 1270 2399 (adelbertus),
1285 2323 1450 2381 Hunorum

332 2440 446 2486 novem
460 2425 586 2489 circulis
607 2427 804 2507 cingebatur.
825 2433 924 2492 —Et
945 2447 1019 2492 cum
1033 2446 1110 2508 ego,
1134 2427 1212 2490 alios
1234 2425 1370 2489 circulos
1389 2424 1449 2487 nisi

332 2536 486 2601 vimineos
508 2540 649 2619 cogitare
663 2541 807 2623 nescius,
823 2541 1053 2621 interrogarem
1073 2568 1081 2603 ι
1101 2540 1183 2615 Quid
1205 2538 1284 2602 iilud
1306 2538 1450 2601 miraculi

333 2642 410 2724 tuit,
434 2645 635 2708 Domine?-
651 2648 848 2727 Respondit:
865 2652 983 2711 Novem
1002 2646 1098 2726 hegin
1111 2650 1155 2722 (6)
1172 2645 1385 2709 muniebatur.
1409 2679 1451 2692 -

332 2752 473 2830 Cumque
484 2753 517 2812 et
528 2751 598 2814 illos
611 2752 741 2815 atterius
755 2752 879 2833 generis
892 2770 962 2815 esse
975 2751 1147 2832 nescirem,
1159 2750 1219 2812 nisi
1233 2751 1343 2829 quales
1355 2765 1452 2827 sege-

334 2855 418 2917 tibus
444 2858 548 2918 solent
569 2857 751 2939 praetendi,
772 2858 941 2938 inquisitus
964 2857 1060 2919 etiam
1088 2856 1127 2918 de
1149 2857 1230 2935 boe,
1246 2852 1350 2915 dixit:
1374 2857 1451 2915 Tam

334 2962 417 3021 latus
440 2959 500 3022 init
526 2960 683 3043 circulus,
706 2963 768 3025 hoc
791 2965 856 3041 est,
881 2963 1005 3024 tantum
1032 2960 1116 3022 intra
1138 2977 1173 3022 se
1193 2955 1450 3037 comprehendit,

333 3068 490 3144 quantum
511 3065 648 3145 spatium
673 3068 722 3128 est
750 3066 790 3128 de
812 3069 921 3129 Castro
939 3064 1053 3127 Turieo
1077 3063 1119 3125 ad
1144 3060 1379 3139 Constantiam,
1405 3059 1449 3121 ita

334 3168 493 3249 stipitibus
525 3169 672 3252 quernis,
708 3170 822 3250 faginis
854 3172 903 3234 vel
936 3167 1079 3248 abiegnis
1112 3169 1309 3246 exstructus,
1343 3167 1380 3225 ut
1412 3164 1452 3226 de

335 3275 477 3355 margine
502 3276 544 3337 ad
562 3275 739 3355 marginem
759 3274 870 3356 viginti
893 3276 989 3355 pedes
1012 3275 1197 3337 tenderetur
1218 3273 1252 3336 in
1278 3273 1395 3351 latum,
1420 3277 1452 3333 et

335 3381 468 3444 totidem
494 3382 712 3461 subrigeretur
742 3382 775 3444 in
805 3384 925 3462 altum,
954 3382 1073 3445 cavitas
1101 3384 1145 3455 (7)
1171 3383 1278 3442 autem
1304 3378 1452 3441 universa

361 3568 389 3624 (1)
408 3564 463 3610 Vite
477 3564 558 3609 Coreto·
570 3563 666 3621 diupei,
680 3564 717 3608 eb.
736 3574 793 3618 xnr3
805 3575 875 3619 noyez
951 3563 981 3618 (3)
999 3559 1225 3604 Commentariorum
1249 3558 1279 3602 de
1302 3557 1451 3603 Bibliotheca

334 3630 394 3674 aussi
406 3639 442 3673 ses
451 3626 561 3681 Annales,
572 3626 627 3671 dans
637 3627 711 3679 Perta,
726 3630 741 3668 t.
753 3626 772 3680 i,
784 3638 806 3681 p.
815 3629 853 3670 stt
867 3637 874 3669 ε
912 3622 1027 3669 Caesareo
1035 3622 1049 3665 Ι.
1063 3632 1088 3676 n,
1102 3634 1124 3677 p.
1133 3626 1181 3667 3¹19.

332 3691 430 3797 {mm
438 3691 557 3735 nmmum
568 3689 629 3744 regin
638 3699 697 3745 ΨΜ
707 3686 799 3744 “mm
810 3699 876 3732 Μ’
910 3701 978 3806 ΠΗ)
992 3701 1026 3745 Da
1036 3698 1098 3757 ltine
1109 3708 1132 3744 et
1146 3698 1209 3754 seut,
1219 3712 1247 3744 en
1261 3697 1450 3747 vicii-aiiemand‚

402 3784 407 3796 '
932 3776 938 3807 ι
954 3775 974 3807 e.

335 3810 875 3932 putarer,{adrianensem
911 3842 985 3949 ,g
1264 3839 1279 3884 ι.
1399 3843 1454 3893 ωε,

333 3935 708 3993 sesrenseignementsdssinbard3
719 3935 875 3989 adimittur,
941 3937 945 3947 '
1031 3980 1036 3991 ⁸
1080 3936 1085 3947 '

333 4012 355 4044 v,
369 4003 412 4043 15:
950 3981 979 4037 (6)
993 3982 1066 4036 Here,
1083 3992 1111 4025 en
1125 3979 1282 4035 angio-saxon,
1293 3977 1358 4036 Heu,
1377 3985 1409 4033 et,
1424 3991 1453 4023 en

377 4062 421 4096 Nam
430 4063 508 4105 spoliata
517 4062 553 4097 tutt
561 4060 656 4097 Hunorum
665 4063 721 4106 mia,
729 4059 817 4105 utingen
911 4040 1098 4095 Vieil·ffl0ffl⁸ndr
1112 4042 1185 4098 HM?-

377 4106 537 4149 Quemvoeitflffi·
950 4132 978 4185 (7)
999 4131 1059 4174 Teos
1077 4129 1109 4173 ies
1130 4127 1266 4173 manuscrits
1290 4132 1329 4172 ont
1349 4127 1454 4180 cinitot,-

335 4164 358 4204 et
368 4170 391 4201 v.
402 4162 429 4201 32
438 4170 462 4254 tA
471 4219 545 4255 m
553 4220 649 4256 nasorum
658 4222 707 4264 mh
716 4225 754 4254 m
911 4194 942 4239 Μ.
955 4194 1021 4238 Pertz
1032 4204 1045 4237 a
1055 4193 1091 4237 cte
1101 4191 1121 4236 ie
1129 4190 1226 4248 premier
1236 4188 1249 4234 t
1260 4189 1383 4235 introduire
1393 4194 1454 4233 cette

380 4264 411 4300 nn
420 4270 495 4308 aequata
504 4264 801 4308 soto,quamiiringuurdi1imns
812 4269 860 4299 ante.
912 4254 1037 4299 correction
1048 4254 1105 4298 daus
1115 4264 1155 4298 8⁰11
1170 4257 1239 4297 ῑθῐῑθ.
