3162 5188
613 490 755 545 ..13-

279 615 378 691 Supra
392 611 559 674 ecclesiam
573 614 696 692 positus
709 616 811 694 gallus
825 618 935 678 contra
947 621 1076 681 ventum

241 720 337 797 caput
347 715 532 796 diligentius
545 717 638 798 erigit
650 722 817 783 extentum
828 747 837 800 3

240 820 290 886 Sic
303 821 468 902 sacerdos,
482 820 536 884 ubi
547 822 608 886 scit
620 823 784 888 daemonis
796 825 987 907 adventum,

239 924 315 988 illuc
329 942 363 988 se
376 924 495 988 obiciat
505 930 549 1001 (l)
561 944 619 1008 pro
635 944 732 1008 grege
744 927 920 994 bidentum.

278 1039 402 1117 Gallus,
415 1038 498 1103 inter
508 1043 634 1104 caetera
648 1041 747 1105 altilia
761 1048 805 1119 (2)
818 1046 999 1126 coelorum,

238 1141 329 1206 audit
346 1161 442 1223 super
455 1146 585 1207 aethera
599 1148 790 1208 concentum
804 1147 1007 1227 angelorum

236 1251 324 1309 Tunc
336 1251 447 1311 monet
459 1265 519 1312 nos
531 1252 681 1312 excutere
694 1249 791 1314 verba
803 1251 979 1330 malorum,

238 1355 369 1432 gustare
382 1356 415 1415 et
425 1353 587 1433 percipere
600 1371 716 1417 arcana
730 1372 951 1435 supernorum.

277 1466 372 1542 Quasi
386 1486 444 1530 rex
455 1468 488 1531 in
500 1468 602 1550 capite
614 1470 717 1549 gallus
730 1473 919 1551 coronatur3

237 1573 271 1635 in
284 1574 365 1653 pede
378 1572 572 1654 calcaribus,
589 1577 625 1635 ut
637 1572 744 1654 miles,
759 1578 917 1655 armatur3

234 1682 361 1754 Quanto
374 1682 445 1761 plus
455 1680 493 1744 fit
505 1679 611 1743 senior
622 1677 735 1759 pennis
748 1679 940 1762 deauratur3

236 1783 269 1845 in
282 1787 378 1847 noete
392 1784 468 1846 dum
480 1782 629 1847 concinat
640 1786 701 1862 [ut]
715 1784 766 1847 leo
780 1787 989 1849 conturbatur
1004 1815 1011 1848 ι

274 1896 325 1960 Sic
336 1900 419 1960 Deus
432 1914 488 1977 per
502 1896 609 1960 omnia
622 1897 760 1959 mundos
774 1900 806 1959 et
819 1901 949 1961 ornatos

237 1999 312 2064 lecit
325 2017 401 2063 suos
415 1998 547 2063 clericos
561 2018 630 2063 esse
644 2003 825 2065 coronatos.

234 2106 312 2170 Galli
326 2110 402 2172 sunt
415 2107 549 2170 calcaria
563 2108 596 2183 (l.
610 2106 789 2181 calcaratitl
801 2124 893 2170 more
906 2108 1049 2191 militari,

234 2211 411 2291 castigandi
426 2211 561 2275 seminas
575 2214 657 2274 nutu
670 2209 823 2291 singulari
838 2239 846 2272 ι

234 2324 284 2389 Sic
295 2325 444 2389 sacerdos
458 2323 598 2405 corrigat
610 2323 690 2405 legis
703 2321 972 2402 transgressiones

233 2428 337 2492 verbis
355 2433 394 2492 et·
400 2428 544 2511 flagitiis,
557 2433 594 2491 ut
607 2428 687 2491 liant
698 2426 856 2492 meliores.

269 2535 381 2599 ,Gallus
392 2532 474 2615 regit
486 2532 655 2615 plurimam
666 2533 792 2595 turbam
807 2532 995 2613 gallinarum

232 2642 266 2701 et
282 2638 512 2702 sollicitudines
520 2657 655 2719 magnas
669 2638 766 2701 habet
778 2639 893 2701 harum
909 2667 916 2700 ι

231 2754 281 2819 Sic
294 2753 459 2834 sacerdos,
474 2752 657 2833 concipiens
667 2770 778 2816 curam
792 2752 989 2833 animarum,

165 2889 169 2896 ·
232 2858 349 2921 doceat
361 2860 393 2919 et
406 2857 503 2921 faciat
515 2857 603 2937 quod
616 2860 682 2920 Deo
695 2857 736 2920 sit
749 2874 871 2920 carum.

273 2962 381 3024 Gallus
395 2978 531 3041 granum
544 2960 677 3043 reperit,
693 2965 850 3026 convocat
863 2979 997 3043 uxores,

231 3062 265 3122 et
281 3060 362 3123 illud
374 3061 535 3125 distribuit
547 3062 631 3128 inter
642 3062 781 3127 cariores
796 3093 804 3125 ι

232 3181 321 3242 Tales
335 3180 460 3245 discant
471 3181 576 3247 clerici
587 3182 715 3262 pietatis
725 3199 851 3263 mores,

233 3286 340 3352 dando
356 3287 423 3350 suis
436 3286 572 3350 subditis
586 3287 814 3367 scripturarum
828 3288 942 3366 llores,

229 3388 279 3453 Sic
293 3407 351 3453 sua
365 3389 555 3454 distribuere
569 3388 694 3452 cunctis
708 3385 866 3450 derelictis

229 3500 262 3560 et
272 3516 382 3561 curam
396 3515 507 3579 gerere
519 3496 614 3560 nudis
627 3500 661 3559 et
672 3494 806 3559 afflictis.

270 3611 319 3674 Sic
333 3615 365 3673 et
377 3613 482 3677 bonus
493 3612 659 3693 presbyter
669 3608 724 3689 qui
738 3606 821 3689 plebi
835 3607 896 3671 scit
909 3625 1073 3691 praeesse,

227 3714 423 3796 pigroseum
436 3714 615 3778 calcarihus
628 3729 764 3777 monens
777 3710 954 3792 indefesse,

150 3944 176 4001 ll)
195 3943 231 3990 On
245 3944 386 4000 trourodejt
403 3943 479 3989 otiolo
493 3956 548 4002 pour
568 3942 654 3999 objicio
689 3940 793 3999 protacta
810 3953 874 3999 poor
893 3955 1008 3999 malopem
1034 3946 1151 4001 peut-erre
1176 3943 1233 3990 ainsi

115 4005 165 4051 daus
174 4006 269 4059 Luccio,
280 4005 296 4051 l.
304 4017 359 4061 vui,
370 4019 392 4050 v.
400 4010 455 4053 ¹196:
690 4003 768 4049 taut-il
782 4003 823 4049 lire
838 4006 940 4048 caeteros
956 4002 1040 4058 alites,
1060 4017 1086 4050 ce
1105 4006 1145 4062 qui
1159 4009 1233 4052 auralt

689 4064 800 4110 d'allleurs
817 4064 942 4122 l’arantage
958 4067 985 4112 de
996 4079 1098 4113 rameuer
1115 4069 1134 4113 le
1151 4069 1232 4114 second

690 4125 820 4173 hemistiche
832 4141 861 4173 au
873 4126 964 4173 nornbre
981 4128 1079 4175 habituel
1094 4130 1122 4175 dc
1135 4130 1170 4175 six
1183 4131 1233 4188 syl-

152 4188 178 4245 (2)
196 4187 282 4233 Alta'lto
301 4187 405 4245 atgniliait
427 4188 467 4233 des
486 4188 589 4233 otoeaaoe
608 4201 653 4233 err-
688 4190 758 4235 tabee.
1144 4200 1146 4203 ’

144 4094 179 4129 Car
188 4105 246 4130 annos
254 4095 327 4129 chlois?
335 4105 409 4138 pugnae
417 4105 451 4128 eur
459 4104 527 4138 arguor
536 4094 612 4136 lnrpar?
