3146 5192
582 491 744 543 mtto*-

381 613 467 670 totus
480 610 619 672 mundus
632 614 720 675 cordi
733 616 840 678 sordet

381 716 413 776 et
427 731 483 776 oor
496 718 600 777 totum
613 735 648 780 se
658 722 827 784 remordet.

379 870 457 929 Cum
469 870 597 931 revolvo
612 875 720 934 mente
733 892 812 953 pura

379 988 475 1050 quam
489 972 530 1033 sit
543 990 622 1037 vane
638 977 748 1038 mundi
762 996 856 1047 eura,

381 1078 416 1136 ut
429 1093 519 1138 mens
532 1078 632 1156 possit
642 1097 677 1142 se
689 1100 819 1164 curare,

380 1198 489 1243 euram
502 1185 614 1247 mundi
627 1188 696 1249 vutt
708 1188 817 1250 vitare.

380 1338 458 1397 Cum
470 1338 599 1417 revolvo
610 1357 689 1417 pura
701 1346 808 1403 mente

379 1442 466 1503 eadit
477 1444 618 1506 mundus
630 1463 727 1524 quam
740 1454 884 1531 repente,

378 1564 420 1607 ne
433 1565 525 1610 mens
538 1549 633 1612 eadat
646 1568 719 1612 oum
734 1552 887 1634 cadente,

379 1650 535 1712 mundum
549 1650 631 1730 fugit
644 1669 734 1715 mens
748 1656 878 1716 attento.

381 1803 458 1863 Cum
472 1804 601 1866 revolvo
614 1811 721 1868 mente
734 1825 812 1871 sana

377 1924 473 1985 quom
487 1906 528 1967 sit
541 1910 638 1970 stulte
652 1928 723 1990 spes
736 1914 897 1979 mundana

293 2009 296 2015 ’
378 2028 396 2071 a
410 2027 464 2090 spe
478 2014 618 2074 mentem
630 2014 671 2075 ad
685 2032 773 2095 spem
787 2023 876 2081 verto

376 2119 409 2177 et
422 2134 510 2196 spem
522 2119 632 2180 munds¹
647 2138 702 2199 spe
715 2123 876 2187 subverto.

909 1967 916 1997 t

375 2265 452 2325 Cum
466 2265 595 2327 revolvo
610 2268 720 2330 mundi
733 2286 809 2331 eura

375 2384 472 2445 quam
486 2367 527 2429 sit
539 2386 652 2449 prava,
668 2389 764 2450 quam
778 2373 819 2435 sit
833 2375 931 2457 dura,

375 2472 491 2534 mentis
503 2491 577 2536 reor
590 2492 659 2536 esse
673 2477 772 2539 durae
788 2480 831 2554 (1)

374 2577 429 2656 qui
438 2577 503 2670 ‚sub
517 2579 628 2641 mundi
643 2579 720 2643 vivit
730 2586 813 2662 jure.

375 2729 453 2789 Cum
465 2730 594 2792 revolvo
608 2732 719 2794 mundi
732 2735 858 2797 laudem

375 2833 408 2893 et
419 2833 602 2896 mundanae
615 2836 718 2899 laudis
732 2840 892 2920 fraudem,

374 2936 443 2998 laus
457 2939 490 2998 et
500 2938 587 3001 fraus
600 2940 633 3001 in
648 2933 754 3006 oordis
767 2964 823 3007 oro

375 3039 459 3103 idem
473 3047 590 3106 sonant
603 3064 668 3109 uno
681 3065 780 3112 more.

373 3197 452 3256 Cum
462 3197 591 3259 revolvo
605 3199 716 3260 mundi
731 3202 854 3263 fructus

374 3301 407 3360 et
418 3298 562 3377 ejusdem
576 3317 675 3379 penso
688 3303 811 3387 luctus,

373 3401 419 3463 sio
432 3406 481 3463 est
494 3402 571 3464 mihi
584 3406 707 3467 tructus
721 3408 791 3485 ejus

374 3510 411 3567 ut
424 3506 465 3568 sit
480 3509 585 3570 luctus
600 3511 689 3588 pejor
700 3512 817 3574 nullus.

373 3657 451 3717 Cum
464 3657 593 3720 revolvo
607 3657 718 3719 mundi
733 3660 842 3722 florem

372 3762 405 3820 et
416 3778 513 3839 quom
525 3762 622 3823 habet
637 3762 695 3823 flos
707 3763 863 3845 dolorem,

374 3867 482 3926 tantus
494 3865 585 3928 dolor
599 3869 648 3927 est
663 3866 696 3927 in
711 3868 803 3949 flore,

373 3977 484 4039 utnon
496 3976 538 4038 sit
550 3978 610 4039 flos
621 3978 654 4042 in
668 3981 785 4043 dolore.

127 4177 154 4231 (tt
169 4174 341 4221 som-emendo
356 4185 416 4217 eom.
