3160 5196
813 512 975 572 -384-

433 645 479 709 Sit
489 660 624 725 persona
639 642 769 721 decens,
784 639 911 720 sapiens
922 641 955 701 et
969 641 1110 716 strenua,
1123 634 1165 696 sit
1177 651 1260 713 qnae

474 768 540 814 non
553 749 676 812 urinuat
689 749 837 811 nostrum
849 745 1016 809 nobilitate
1031 760 1143 823 genus.

434 858 585 939 Denique,
599 856 654 919 ubi
669 854 741 918 tulis
752 856 794 918 sit
806 857 844 917 ut
856 871 926 916 esse
937 870 995 932 per
1004 850 1112 916 omnia
1124 849 1274 930 dignum,

474 964 562 1028 illum
575 981 627 1027 me
639 978 733 1026 nemo
745 965 818 1042 jure
829 977 950 1040 negare
962 963 1071 1040 queat.
1084 961 1112 1039 r,

433 1071 607 1153 Respondit
619 1071 820 1135 blacbomes=
838 1092 853 1127 n
868 1070 1003 1148 Operam
1016 1066 1100 1129 dabo
1114 1068 1210 1129 nocte
1221 1064 1336 1144 dieque
1348 1089 1356 1144 3
1396 1078 1399 1084 ’

474 1179 608 1243 forsitan
617 1177 778 1241 inveniam
788 1175 844 1256 qui
856 1175 968 1239 deceat
981 1174 1154 1237 dominam.

435 1285 514 1367 Sed,
528 1284 603 1366 quia
615 1284 671 1349 vix
682 1282 754 1347 talis
768 1283 802 1346 in
820 1281 929 1345 multis
942 1282 1133 1361 invenietur,
1210 1322 1214 1335 .

473 1392 560 1472 quod
572 1390 698 1472 quaeris
711 1389 798 1469 longi
813 1388 964 1469 temporis
975 1405 1045 1452 esse
1058 1405 1141 1452 reor.

434 1503 502 1562 Non
516 1497 625 1562 diffido
639 1501 758 1578 tamen,
773 1496 847 1578 quia
861 1495 887 1559 si
900 1500 983 1559 Deus
996 1495 1058 1559 ista
1072 1497 1180 1559 futura

473 1604 639 1686 praevidit,
653 1623 719 1668 non
733 1607 783 1667 est
793 1622 851 1668 cur
864 1621 1030 1667 remanere
1044 1606 1174 1684 queant.
1190 1626 1205 1659 u

434 1709 487 1774 llis
497 1710 602 1791 dictis,
617 1711 797 1774 blacbomes
807 1709 993 1792 abscedens,
1005 1709 1138 1791 pervigil
1153 1709 1270 1793 instat,

474 1816 500 1879 si
515 1834 642 1898 quoque
653 1819 735 1881 torte
745 1816 842 1880 modo
857 1816 975 1879 ducere
985 1815 1086 1896 possit
1097 1834 1180 1879 eam.

436 1922 636 1986 Transierant
648 1921 703 1987 vix
715 1924 789 1986 octo
803 1921 871 1984 dies
885 1938 959 1986 cum
972 1921 1127 1985 subdolus
1141 1921 1213 2004 ille,

475 2030 799 2111 veracem‘simulans,
811 2028 1061 2111 praemeditatus
1072 2029 1173 2092 adest.

437 2138 566 2200 Vultum
581 2134 719 2199 demittit
731 2137 791 2217 (1),
807 2136 917 2199 oculos
932 2139 1054 2217 gravat,
1069 2135 1252 2217 afficitora,

476 2245 629 2308 mentitur
641 2244 721 2307 iacie
734 2244 908 2324 relligionis
920 2262 1010 2325 opus.

436 2351 573 2415 Pallidus
587 2355 728 2433 apparet,
744 2355 780 2413 ut
794 2351 926 2432 quilibet
938 2354 1025 2416 bunc
1036 2352 1224 2415 heremitam

475 2462 532 2522 aut
542 2460 769 2523 anachoretam
779 2459 902 2540 judicet
915 2462 972 2522 aut
981 2461 1175 2523 monachum
1186 2483 1195 2539 3

436 2567 541 2629 Talem
553 2585 588 2629 se
600 2565 728 2639 simulat
740 2569 778 2627 ut
791 2565 897 2629 dicere
910 2585 985 2632 vera
998 2569 1139 2647 putetur,

476 2690 550 2735 curn
565 2670 726 2733 dominam
739 2672 837 2753 fallet,
852 2672 931 2735 salsa
944 2672 1105 2754 loquendo
1118 2689 1176 2735 sua
1189 2706 1198 2754 t

437 2778 685 2862 Rhetoricosque
698 2778 764 2842 suis
772 2778 876 2844 verbis
890 2779 1053 2843 miscendo
1067 2779 1207 2859 colores,

477 2904 551 2950 cum
562 2884 691 2971 domina
705 2888 857 2967 tanquam
870 2884 989 2947 Tullius
1003 2887 1083 2947 alter
1097 2883 1173 2964 agit.

439 3016 454 3051 n
470 2992 500 3056 Si
511 2992 622 3072 iuveni
635 2993 738 3055 nubas
750 3009 846 3072 quem
859 2991 974 3055 nobilis
987 2991 1067 3055 ordo
1077 2994 1263 3073 parentum,

474 3117 569 3179 quem
582 3098 679 3161 decus
694 3100 791 3178 atque
804 3097 913 3179 decor,
928 3096 1165 3178 strenuitasque
1178 3101 1279 3179 levet,

435 3207 646 3286 Depopulator
659 3205 720 3267 erit
730 3222 838 3267 rerum
849 3207 984 3268 sortasse
999 3207 1128 3268 tuarum
1142 3233 1151 3286 3

474 3313 610 3376 vastabit
621 3312 722 3394 villas,
736 3311 866 3391 praedia
880 3312 1052 3393 destituet,

434 3420 546 3483 Omnia
560 3423 727 3484 consumet
740 3420 875 3484 vivendo
886 3419 1050 3482 luxuriose
1063 3448 1072 3482 t

475 3544 558 3606 quae
568 3527 665 3590 modo
676 3526 765 3591 dives
778 3544 860 3607 eras,
875 3524 917 3588 ad
927 3527 1026 3591 breve
1036 3543 1157 3606 pauper
1170 3527 1252 3607 eris,

431 3634 586 3715 Quodque
598 3637 677 3714 puto
690 3633 829 3715 gravius,
845 3636 876 3695 te
890 3650 1056 3714 spernenS,
1073 3632 1128 3695 fiet
1140 3634 1267 3695 adulter
1281 3658 1289 3714 ς

470 3741 569 3823 unde,
583 3740 698 3803 timens
708 3739 815 3821 capiti,
828 3758 895 3803 non
908 3740 971 3802 eris
986 3755 1063 3802 ausa
1077 3739 1176 3821 loqui.

433 3852 500 3923 Qua
512 3865 546 3910 re
557 3845 724 3909 consilium
736 3845 962 3926 dominae,-me
970 3845 1090 3926 judice,
1103 3848 1230 3909 nonest

475 3953 589 4019 nobilis
603 3958 636 4017 et
644 3952 772 4035 juvenis
783 3970 935 4034 quaerere
947 3953 1142 4034 conjugium.

363 4202 391 4244 (t)
406 4197 511 4242 dimittit
521 4197 577 4241 daus
588 4197 616 4241 B.
