3112 5194
818 472 857 484 -
872 442 930 500 alt
944 473 985 484 -

634 565 822 647 proditionis
834 567 999 649 conscios,

633 689 709 752 prae
721 671 870 736 omnibus
879 672 1030 737 nefarioa

633 807 748 870 Audita
759 807 960 871 famamiseri

633 912 787 993 decapite
801 912 847 977 sic
860 913 945 994 fieri,

633 1038 699 1082 non
713 1023 839 1083 oesaunt
849 1019 936 1082 intus
947 1019 1117 1099 conqueri,

632 1127 679 1191 sic
692 1127 855 1190 intuentes
864 1127 997 1191 conteri.

632 1260 815 1340 Burgmdua
831 1278 909 1324 mox
925 1262 1115 1341 exponiturr

633 1367 758 1446 fugiens
771 1370 873 1448 errat,
887 1367 1028 1450 capitur,

632 1475 744 1552 captus
756 1474 798 1535 ad
810 1477 946 1537 mortem
960 1475 1117 1556 trahitur,

631 1580 721 1640 rotae
732 1595 906 1658 suspensus
919 1577 1065 1642 moritur.

631 1712 771 1776 Audiens
784 1713 900 1776 cohors
912 1711 1008 1792 impia

631 1821 665 1880 et
677 1820 764 1882 hunc
776 1819 841 1899 pati
853 1818 1023 1899 supplicia,

631 1926 829 2006 desperando
843 1925 883 1990 de
896 1925 1008 2005 venia,

631 2031 736 2094 reddit
748 2031 868 2095 castelli
881 2031 1020 2095 moenia.
1134 2024 1136 2029 ’

631 2171 731 2230 latrat
740 2170 881 2231 castrum
890 2184 949 2230 rex
962 2166 1116 2248 inclytus,

630 2279 663 2335 et
675 2273 773 2353 ipsius
787 2271 958 2353 exercituo,

631 2381 670 2442 de
684 2381 816 2444 consule
829 2379 1001 2459 sollicitus,

629 2487 729 2550 currit
745 2487 910 2550 fundendo
925 2486 1072 2566 gemitus.

627 2621 765 2686 Adducit
776 2619 859 2684 tradi
872 2621 1048 2702 tumulum,

629 2727 782 2809 gemitum
792 2744 941 2808 promens
953 2729 1121 2808 querulum

628 2838 700 2918 llet,
715 2835 838 2916 plangit
850 2848 1009 2915 gemmam
1022 2836 1208 2915 consulum,

627 2945 709 3006 bene
725 2945 891 3022 regentem
901 2942 1066 3021 populum.

629 3077 682 3140 llia
694 3076 828 3157 expletis
841 3074 1006 3139 doloribus

630 3188 663 3249 et
676 3184 777 3265 captia
789 3181 1022 3263 proditoribus,

630 3292 801 3372 alligantur
814 3288 1035 3370 compedibus,

514 3449 517 3454 .
630 3397 830 3478 mancipandi
844 3396 1029 3460 tortoribus.

630 3535 796 3596 Tractatur
808 3530 849 3594 de
861 3528 1016 3609 supplicio
1026 3554 1035 3610 3

630 3638 808 3719 exquiritur
820 3635 966 3700 conlusio
976 3662 985 3717 3

629 3749 733 3827 placet
745 3744 847 3810 vultui
861 3743 970 3823 regio,

630 3856 690 3918 hos
702 3853 784 3917 mori
799 3849 994 3932 praecipitio.

630 3991 739 4054 Ruunt
751 3988 792 4050 ab
805 3984 887 4049 arcis
900 3983 996 4065 solio,

630 4095 742 4160 mortis
753 4094 869 4157 duntur
879 4089 994 4154 exitio:
