3118 5198
827 465 993 519 -268—

639 594 727 657 Prius
740 608 811 653 eras
827 590 995 670 praecipua
1008 637 1016 667 ,

637 700 733 763 modo
748 701 831 761 lacta
846 715 880 760 es
894 699 999 776 fatua,

637 806 785 886 exigente
799 806 891 884 culpe
909 806 983 883 tua,

638 917 760 992 strages
774 910 925 973 reddetur
938 911 1061 971 mutua.

597 1203 691 1266 Aulre
704 1204 881 1282 complaintc
895 1220 947 1263 sur
961 1202 988 1262 lc
1000 1203 1090 1260 metm
1103 1197 1185 1277 sujel.

639 1446 766 1525 carole,
782 1461 906 1524 gemma
918 1442 1089 1521 comitum,

640 1550 705 1613 dux
718 1549 854 1630 inclyte,
868 1550 927 1612 llos
938 1548 1092 1627 militum,
1125 1599 1128 1604 .

638 1660 671 1719 te
683 1656 827 1719 dolemus
841 1655 1033 1718 immeritum

638 1763 804 1843 pertulisse
812 1761 975 1824 interitum
987 1761 994 1821 ἶ

639 1899 735 1976 Cujus
744 1896 884 1975 prudens
895 1894 1048 1957 modestia
1064 1958 1069 1973 ¹

640 2005 672 2063 et
682 2002 781 2064 solers
795 2001 975 2081 vigilantia,

639 2109 771 2171 sollicite
782 2127 839 2188 pro
854 2109 955 2188 patria

640 2218 708 2277 tuta
722 2217 868 2277 servabat
878 2215 995 2278 omnia.

639 2350 681 2408 le
694 2337 909 2410 exhorrebant
927 2347 1030 2427 impii,

637 2453 787 2515 amabant
799 2454 897 2532 patris
910 2454 983 2533 lilli3

637 2560 730 2622 bonis
743 2562 832 2623 locus
846 2562 976 2641 refugii,

636 2666 727 2729 malis
736 2683 807 2728 eras
818 2667 973 2747 supplicii.

638 2806 679 2865 Te
690 2804 779 2882 luget
791 2801 893 2865 dulcis
906 2804 1019 2882 Gallia,

637 2927 695 2989 pro
707 2912 739 2972 te
753 2908 852 2989 gemit
864 2909 1048 2990 Burgundio
1060 2958 1068 2991 ,

638 3018 671 3078 et
683 3014 827 3095 proxima
839 3016 998 3080 Britannia
1012 3065 1020 3096 ,

638 3124 767 3203 insuper
777 3127 886 3187 nostra
900 3123 1011 3203 patria.

638 3263 741 3338 Quae,
754 3257 966 3338 lacrymarum
979 3258 1109 3320 flumine

638 3363 990 3451 exuberansfflsinefine,

638 3472 713 3552 ilci,
728 3489 828 3534 vacua
842 3470 1013 3552 regimine⁷

637 3579 758 3658 privata
770 3581 802 3640 et
813 3578 988 3641 munimine
1000 3583 1052 3656 (l).

637 3711 1121 3794 0(h)lquambonaoonstantial

636 3824 737 3896 Quam
750 3822 901 3885 constans
910 3818 1078 3899 patientia!

371 4089 399 4145 [ll
410 4088 567 4146 doltestropto
579 4094 719 4145 munusque
730 4102 756 4135 oc
768 4090 884 4135 oliantdut
919 4090 973 4146 bon,
988 4095 1012 4136 et
1021 4089 1119 4147 reppelle
1127 4089 1325 4136 lavant-demicte
1336 4090 1425 4146 strophe
1433 4085 1459 4129 de

344 4151 419 4195 sulvre
436 4151 464 4195 de
477 4151 586 4207 tres-pres
602 4151 621 4195 la
639 4157 696 4195 mort
709 4151 736 4196 de
755 4152 846 4196 Charton
864 4152 883 4195 le
920 4153 939 4195 la
951 4164 1007 4209 page
1019 4151 1159 4207 precedente.
