3112 5194
817 506 983 564 ..323-

441 632 479 693 ut
490 647 560 712 me,
574 630 600 695 si
613 632 685 714 quis
697 637 799 716 amet,
812 636 897 715 legat
910 637 943 697 et
954 650 1010 715 per
1021 631 1160 712 compita
1172 632 1300 694 elamet.

480 737 552 801 Orbi
566 740 760 809 multimodis
774 742 850 804 dum
861 744 914 822 jus
928 741 1090 805 constaret
1102 738 1234 802 Herodis
1243 786 1256 819 ,.

441 849 503 908 Nec
516 864 580 910 uon
594 846 693 912 Pilato
706 849 838 912 florente
851 849 920 913 viro
934 849 1106 927 scelerato,

440 954 561 1034 Scripta
575 956 681 1019 ierunt
692 955 780 1019 nuda
793 957 834 1019 de
844 957 931 1020 eiam
945 953 1065 1018 semiue
1078 953 1158 1016 luda

440 1061 562 1135 Mundo,
570 1064 728 1142 prolatum
741 1063 912 1145 quemdam
927 1063 1039 1126 Rubeu
1052 1060 1239 1126 vocitatum.

440 1170 526 1231 Uxor
537 1171 606 1229 erat
618 1171 710 1247 grata
723 1169 774 1231 eui
787 1217 795 1250 ,
811 1171 888 1231 tune
903 1169 1065 1250 Cyboraea
1078 1169 1203 1231 vocata.

441 1274 569 1337 Confert
579 1274 748 1355 tranquilla
763 1292 845 1355 u0x3
860 1274 903 1336 illi
914 1273 1063 1353 jungitur
1077 1271 1129 1335 illa

441 1378 544 1459 Digne
553 1381 626 1459 J'ure
640 1380 741 1462 tltori3
761 1383 891 1461 pactum
905 1381 1076 1442 famulatur
1089 1375 1206 1458 amori3

443 1486 556 1548 Oscula
570 1487 812 1569 congeminant3
825 1487 859 1549 in
870 1486 988 1550 amoris
999 1488 1075 1550 veta
1087 1483 1275 1565 propinant,

443 1589 681 1674 taedarumque
689 1594 899 1657 Deeludeudo
910 1596 1027 1657 vacant
1036 1591 1205 1674 hyueinaee
1213 1592 1246 1672 (l.
1257 1592 1465 1672 hymenaeo).

483 1702 544 1762 Res
557 1717 595 1762 ea
608 1698 718 1763 finitur
731 1699 841 1782 solite,
855 1704 1016 1781 postremo
1028 1697 1155 1763 venitur

443 1803 490 1865 ud
501 1820 648 1868 somnum
658 1806 758 1887 laete3
771 1808 920 1871 severunt
933 1806 1077 1869 membra
1090 1804 1216 1887 quiete,

443 1912 591 1972 Pausant.
605 1914 727 1974 interea
740 1911 871 1975 videtin
883 1913 1005 1975 somnis
1020 1913 1181 1994 Cytoraea

445 2013 565 2078 Acriter
579 2015 742 2080 ardentem
755 2020 892 2082 faculam
909 2019 949 2082 de
962 2036 996 2081 se
1010 2019 1208 2099 venientem,

446 2123 533 2196 Quae
546 2140 680 2204 surgens
694 2124 780 2188 omni
791 2127 934 2188 tlammas
945 2124 1129 2188 immitteret
1143 2122 1223 2188 orbi.

447 2227 574 2291 Somnia
585 2233 663 2293 sunt
672 2230 778 2313 varia,
794 2232 855 2295 nisi
868 2248 950 2313 quae
965 2232 1021 2294 dat
1030 2248 1105 2295 vera
1117 2230 1228 2311 sophia

447 2336 526 2398 Cum
535 2337 664 2401 monitis
674 2340 787 2421 iustis,
806 2338 949 2420 patribus
958 2339 1046 2401 velut
1060 2335 1304 2416 antevetuetis3

449 2443 578 2508 Caetera
591 2443 645 2525 qui
659 2448 788 2526 curant,
803 2447 864 2508 sul>
876 2444 1087 2509 sollieitudine
1100 2445 1228 2521 duraut.

489 2551 564 2611 Post
575 2555 764 2630 expergecta
780 2551 822 2632 (l)
836 2551 933 2631 gemit
946 2550 1030 2614 intra
1043 2550 1163 2615 viscera
1177 2553 1262 2614 secta

450 2655 580 2718 Justicio
594 2655 693 2738 tristi,
709 2657 797 2737 quod
810 2674 923 2721 somno
936 2661 1068 2722 venerat
1080 2657 1145 2720 isti.

451 2763 547 2826 dudit
559 2767 596 2826 ut
605 2765 665 2827 hos
678 2764 832 2846 gemitus,
847 2767 954 2845 stupet
966 2765 1153 2828 admirando
1165 2764 1323 2827 maritus:
1345 2796 1352 2807 =

453 2891 469 2928 e
484 2872 546 2932 Cur
558 2870 665 2934 doleas
678 2871 781 2953 aperi,
797 2892 813 2928 »
828 2875 969 2935 moestae
982 2871 1063 2935 dixit
1073 2872 1195 2936 mulieri
1208 2900 1216 2955 3

374 2976 377 2981 ⁴
452 2995 469 3031 a
484 2973 555 3056 Dic,
570 2992 648 3057 age,
661 2975 687 3039 si
701 2993 890 3057 memores,
904 2994 968 3057 quo
982 2976 1108 3040 turbine
1122 2978 1248 3041 turbida
1261 2979 1379 3058 plores.
1397 3002 1413 3036 o

450 3082 535 3145 Uxor
548 3081 593 3144 ait
605 3110 613 3144 ι
630 3105 646 3142 «
659 3082 798 3157 Quande·
807 3082 937 3145 thalami
952 3084 1154 3148 famulamine
1167 3086 1284 3148 blando

353 3271 457 3312 trouvent
477 3266 577 3321 (leder,
587 3266 677 3317 Μαι,
692 3264 793 3321 sedon,
810 3264 888 3318 criel,
924 3265 945 3310 le
959 3265 1083 3311 Pessioeel
1093 3268 1170 3323 repete
1178 3279 1207 3312 eu
1216 3268 1319 3313 insistant
1332 3279 1417 3314 encore
1425 3280 1463 3314 sur

353 3326 459 3382 cemele,
474 3327 615 3383 Christum),
635 3328 725 3384 indique
742 3327 890 3373 evidemmeut
924 3332 984 3372 cette
994 3328 1113 3384 siugulitre
1125 3330 1192 3374 idea:

354 3401 398 3434 une
410 3401 490 3435 eeuree
501 3391 580 3442 latine,
592 3396 617 3434 et
626 3402 655 3435 eu
664 3390 689 3434 lit
702 3402 732 3435 au
745 3401 889 3436 commence-
1014 3410 1040 3442 Β,
1049 3411 1100 3443 „m
1109 3411 1157 3443 oues
1165 3411 1239 3451 mm
1251 3409 1272 3441 ιη
1282 3408 1318 3441 aar
1326 3408 1365 3441 mo

355 3457 416 3498 meni
426 3465 435 3498 Ξ

1014 3455 1098 3488 Zuseheu
1106 3455 1163 3488 hlmel
1172 3456 1211 3488 und
1219 3455 1275 3495 erde;

442 3508 570 3543 similemen
582 3508 643 3542 eidem
652 3509 710 3542 buche
718 3532 723 3548 ,
1014 3501 1081 3532 wanda
1092 3500 1146 3532 ervit
1157 3499 1245 3532 unwerde

441 3554 479 3587 Der
488 3562 511 3585 uz
521 3553 562 3585 loha
571 3552 618 3585 oueh
627 3563 650 3586 m
659 3553 703 3585 duta
712 3554 740 3586 lu
1014 3544 1049 3577 litt
1060 3545 1105 3577 aller
1114 3545 1185 3577 eunden
1196 3543 1284 3576 sehlmele

440 3599 475 3630 du
486 3598 510 3630 da
518 3606 541 3630 su
550 3597 666 3630 Jheruedem
674 3606 715 3630 me
1014 3589 1054 3622 elelr
1064 3597 1102 3621 von
1110 3589 1153 3621 dem
1161 3589 1230 3621 himele

441 3644 477 3676 ltln
488 3650 532 3674 neu
541 3665 547 3683 ,
559 3641 625 3674 Buben
638 3642 671 3674 der
681 3642 736 3684 hlee,
1016 3634 1070 3668 Unde
1078 3642 1115 3666 von
1123 3633 1156 3666 der
1164 3633 1220 3666 erden
1231 3632 1270 3664 lute
1277 3632 1351 3677 millet,

441 3688 474 3719 der
490 3695 515 3718 en
529 3685 563 3718 dau
573 3686 736 3729 conlocutorem,
1016 3680 1040 3713 do
1048 3688 1068 3712 er
1076 3679 1112 3710 den
1121 3680 1171 3720 gotes
1181 3686 1216 3709 eun
1222 3677 1302 3727 verriet:

440 3732 478 3765 Dae
489 3731 514 3763 de
521 3731 581 3762 heizet
589 3730 677 3763 Yeachar.
1014 3725 1051 3758 Dee
1059 3723 1110 3756 eolde
1118 3730 1139 3753 er
1148 3721 1219 3753 dulderr
1226 3720 1290 3753 dloeeu
1298 3721 1332 3762 plu

441 3781 491 3827 Dee
501 3778 548 3824 elle
559 3778 696 3834 rauendel,
710 3792 733 3836 p.
741 3784 794 3836 ars,
808 3780 850 3829 ool,
862 3784 889 3832 ς,
1014 3769 1064 3802 nne·
1072 3767 1152 3800 nemeen
1160 3766 1217 3798 remu
1228 3765 1277 3798 unae
1286 3766 1342 3799 emen
1351 3768 1383 3801 su

471 3833 506 3878 6¹1·
520 3832 548 3877 ⁴¹0
561 3832 594 3878 U·
605 3832 682 3877 flabit·
1015 3809 1309 3890 {deletfflavffofifflrftssm'

352 3903 477 3961 L'aualegie
496 3903 524 3949 de
542 3904 565 3948 la
583 3903 613 3947 tiu
631 3915 686 3949 noue
707 3903 790 3948 semble
807 3915 889 3949 encore
1015 3903 1050 3936 ¹¹⁶
1060 3899 1182 3933 0w⁰¹¹⁰¹¹0h⁶¹
1190 3901 1289 3940 mutent,

350 3964 400 4022 plus
411 3965 567 4022 etssnlflcadve3
581 3966 819 4022 lacobusalleregtue
827 3966 889 4011 avait

1014 3955 1064 3981 swas
1072 3954 1092 3978 er
1100 3945 1124 3977 ut
1130 3944 1147 3976 et
1155 3943 1242 3986 sebergae
1250 3945 1290 3976 hat.

352 4027 400 4072 ditz
415 4029 441 4072 lu
452 4038 504 4073 aere
517 4027 585 4071 etiem
594 4027 692 4082 interiit,
709 4033 733 4071 ut
746 4029 785 4084 qui
799 4029 890 4084 angeles
1106 4008 1209 4064 mama
1223 4022 1245 4065 Ρ*
1254 4012 1309 4064 ³¹⁸⁹
1319 4009 1367 4056 ⁰⁰¹·
1375 4015 1426 4055 Η·

351 4090 375 4134 ln
386 4090 447 4135 coele
458 4096 480 4134 et
494 4089 594 4133 homiues
605 4089 697 4134 interra
709 4090 844 4142 offenderat,
861 4089 890 4134 ab
953 4088 982 4144 [ll
996 4086 1167 4132 Probablement
1176 4086 1191 4129 ll
1201 4085 1249 4130 taut
1258 4085 1298 4131 lire
1307 4087 1463 4143 experrectu

352 4151 480 4206 augelorum
491 4156 514 4194 et
524 4150 638 4194 homiuum
647 4152 737 4206 regione
747 4157 890 4207 separaretur
926 4157 985 4195 cette
1005 4149 1076 4194 terme
1099 4148 1209 4205 reguliere
1233 4147 1368 4205 d'llxperoe
1390 4160 1420 4193 ue
1440 4156 1462 4190 ee

352 4218 375 4257 et
388 4212 410 4257 iu
425 4224 477 4257 aere
493 4224 544 4257 eum
562 4211 706 4257 daemonibus
721 4213 853 4266 sectaretur,
867 4217 890 4256 et
926 4218 1054 4268 treurepas
1064 4211 1159 4256 deusde
1170 4213 1253 4265 cange.
