3160 5196
570 613 610 620 —
625 584 732 638 381-

189 703 250 766 Sed
261 702 337 781 quia
347 706 494 766 mortuus
508 707 601 766 estet
616 702 729 766 tesino
743 704 831 783 prole
845 703 988 785 reliquit,

229 810 325 888 atque
335 811 558 872 remanserunt
570 810 671 872 multa
685 808 825 889 gerenda
837 808 894 872 tibi
907 857 916 892 ,

190 919 245 978 Fst
257 932 338 996 opus
350 919 388 978 ut
397 917 518 998 nubas,
532 916 684 997 quianon
698 919 789 998 potes
800 918 921 998 absque
934 917 1052 982 marito

229 1020 371 1101 pondera
385 1038 553 1102 curarum,
570 1021 705 1105 semina,
720 1024 803 1087 ferre
817 1024 883 1087 diu.

190 1127 268 1210 Sed,
282 1128 408 1192 vivente
418 1128 503 1209 viro,
519 1133 647 1192 constat
659 1130 748 1210 quod
760 1134 849 1195 casta
864 1131 949 1195 fuisti
964 1160 973 1213 3

230 1238 303 1315 post
315 1235 438 1299 obitum
451 1240 543 1318 cujus
557 1238 637 1301 baec
650 1255 779 1319 quoque
790 1241 874 1304 fama
888 1244 1017 1322 manet,

191 1341 280 1406 Unde
293 1342 483 1406 timebamus
496 1362 537 1407 ue
551 1345 634 1406 forte
647 1343 703 1407 tibi
718 1344 885 1409 statuisses
897 1394 905 1428 ,

231 1446 276 1511 sic
289 1465 414 1529 semper
427 1449 526 1513 vitam
539 1452 658 1513 ducere
672 1453 753 1515 velle
770 1456 870 1515 tuam.

191 1559 256 1618 1110
269 1553 367 1635 igitur
378 1574 474 1620 causa
489 1558 697 1621 convenimus
712 1562 749 1620 ut
761 1560 900 1623 verearis

233 1665 281 1724 tot
292 1664 341 1726 vel
353 1666 516 1728 tantorum
530 1682 679 1745 spernere
696 1660 874 1729 consilium.
970 1678 974 1683 ’

193 1771 281 1833 Nube
294 1771 378 1852 viro,
394 1772 470 1853 quia
484 1772 510 1835 si
525 1773 566 1836 de
580 1777 611 1836 te
625 1791 691 1836 non
705 1774 828 1838 venerit
842 1776 954 1838 baares

233 1877 285 1957 qui
302 1882 409 1942 teneat
423 1882 558 1959 terram,
575 1883 606 1942 te
620 1880 795 1963 moriente,
811 1884 920 1963 tuam,

193 1985 305 2050 Omnia
317 2004 400 2068 quae
414 1991 469 2049 tua
482 1991 560 2050 sunt
571 1987 792 2051 miserabiliter
806 1988 980 2069 rapientur,

233 2094 483 2181 particulamque
496 2095 583 2157 volet
595 2093 730 2176 quisque
742 2098 852 2159 tenere
865 2113 968 2158 suam.

195 2205 309 2281 immo,
324 2202 351 2265 si
365 2201 462 2265 fuerit
474 2202 546 2284 quis
560 2202 684 2284 fortior,
700 2203 808 2267 omnia
822 2205 932 2284 tollet,

237 2308 263 2370 si
274 2308 347 2389 quis
359 2309 388 2371 ei
401 2308 631 2372 contradixerit
645 2326 721 2372 cnse
733 2309 847 2391 cadet,

195 2419 233 2478 ut
245 2434 304 2480 nos
316 2420 373 2480 aut
385 2416 496 2497 poenis
510 2420 567 2480 aut
579 2420 682 2481 morte
696 2416 867 2497 peribimus
881 2435 1012 2500 omnes,

235 2521 260 2586 si
276 2540 343 2586 non
353 2526 390 2586 ut
403 2523 484 2589 servi
499 2524 706 2605 subjiciamur
719 2524 759 2591 ei.

196 2635 282 2707 Quae
295 2632 378 2694 111111
390 2634 463 2713 jure
478 2631 533 2694 tibi
548 2634 713 2695 vertentur
724 2631 767 2695 ad
780 2631 975 2712 impietatem

236 2738 281 2820 si,
295 2756 356 2802 nos
369 2741 594 2818 contemnens,
609 2741 730 2803 nubere
744 2738 896 2802 uolueris.
913 2760 928 2796 »

198 2846 251 2908 1111
265 2846 381 2909 refert:
399 2844 493 2909 «Etsi
508 2863 574 2909 non
585 2846 706 2908 nubere
719 2843 975 2925 proposuissem,

237 2950 434 3032 propositum
445 2950 546 3031 pietas
556 2950 698 3015 vinceret
711 2951 744 3012 ct
757 2947 857 3029 ratio,

197 3056 257 3121 Sed
271 3061 397 3121 constat
408 3075 536 3122 meeum
548 3073 600 3119 me
613 3054 659 3118 nil
672 3070 850 3134 proponere
862 3070 1015 3133 magnum

235 3164 323 3245 quod
333 3182 399 3228 11011
411 3182 453 3228 ex
466 3166 572 3232 vestro
583 3161 721 3243 pendeat
732 3159 862 3223 arbitrio
874 3188 883 3242 3

198 3275 279 3352 Ergo
290 3289 460 3353 personam
472 3270 551 3335 mibi
563 3269 709 3352 quaerite
720 3267 984 3348 convenientem,

238 3379 429 3460 quaemihi,
444 3396 527 3460 quae
540 3377 630 3442 vobis
641 3376 727 3440 utilis
740 3393 810 3440 esse
822 3379 920 3456 queat
931 3403 940 3456 3

200 3483 230 3549 Si
244 3486 351 3548 tamen
364 3484 417 3548 ille
429 3485 461 3564 (l.
475 3482 562 3559 11111)
574 3482 652 3547 mibi
665 3481 878 3546 tueritmiuus
893 3481 1000 3564 utilis,
1015 3486 1090 3565 opto

241 3589 409 3654 consilium
421 3591 563 3656 vestrum
575 3607 641 3653 non
658 3589 764 3653 minus
777 3589 851 3653 inde
864 3589 966 3671 sequi.
983 3613 998 3648 n

203 3702 269 3762 1100
279 3699 412 3762 verbum
425 3696 533 3761 statim
546 3714 680 3779 rapuere
690 3697 849 3779 loquentis
859 3699 899 3760 ab
914 3714 988 3778 ore,

242 3803 330 3883 quod
339 3821 507 3884 procerum
520 3803 673 3885 placitum
683 3804 840 3885 spondeat
849 3804 902 3869 illa
916 3804 1027 3887 sequi,

202 3914 290 3974 Tunc
301 3910 432 3992 quidam
444 3912 579 3975 fortasse
592 3928 702 3992 senex,
717 3911 769 3975 cui
783 3912 913 3987 credere
925 3909 1060 3993 1113110111

242 4017 442 4081 monstrabat
452 4018 591 4098 gravitas
604 4035 748 4097 canaque
761 4017 938 4099 caesaries,

205 4124 359 4205 Antiquos
371 4141 473 4187 anuos
486 4140 667 4187 memorans
678 4126 711 4186 et
725 4127 815 4203 gesta
828 4123 971 4204 priorum

246 4230 391 4312 alloquiis
404 4230 565 4294 dominam
579 4230 695 4294 talibus
710 4231 895 4312 aggreditur
909 4261 916 4293 ι
