3162 5188
596 573 636 582 ..
651 544 686 597 55
702 572 742 583 ..

107 671 225 735 Dehinc
252 672 344 750 virgo
370 669 485 749 virgini
513 673 577 732 boo
609 670 668 732 soli
702 667 830 749 cognita
853 705 893 714 -
918 669 1029 750 pandit
1051 668 1099 731 sui
1123 669 1228 733 cordis

150 793 277 839 arcana.

109 897 355 978 Erumpentibus
372 898 537 978 lacrymiS,
557 894 678 975 gemitu
698 897 920 975 conturbatur,
932 931 972 942 -
990 896 1130 976 singultu
1145 914 1222 959 con-

149 1001 280 1065 cutitur.

111 1129 191 1187 Ante
202 1124 303 1206 pedes
316 1122 512 1203 spiritualis
532 1121 643 1184 matris
658 1122 726 1183 solo
750 1121 914 1203 sternitur,
928 1158 969 1167 -
982 1121 1107 1184 salubre
1122 1123 1231 1185 consi-

149 1232 228 1296 lium
241 1249 318 1295 cum
332 1228 474 1293 subsidio
488 1244 618 1308 precum
631 1226 766 1289 subnixe
778 1230 936 1306 precatur.

112 1361 158 1425 td
171 1360 261 1421 bunc
275 1356 532 1437 compunctionis
545 1372 724 1418 moerorem
738 1356 932 1420 devotissimi
944 1357 1071 1437 juvenis
1088 1393 1128 1403 —
1140 1376 1231 1421 com-

152 1467 241 1526 mota
254 1464 332 1525 sunt
344 1461 465 1525 viscera
478 1460 636 1541 piissimae
650 1460 768 1524 matris.

113 1592 214 1654 Flenti
228 1590 435 1674 compatitur,
448 1626 489 1636 -
511 1592 674 1672 lugentem
688 1594 821 1674 solatur,
836 1630 877 1643 —
895 1598 1091 1659 moerentem
1114 1596 1234 1659 laetiti-

152 1701 222 1781 cat,
235 1734 278 1743 -
291 1702 340 1780 et,
361 1699 398 1759 ut
420 1713 493 1759 eum
507 1696 573 1760 voti
588 1701 768 1776 compotem
791 1699 904 1782 faciat,
918 1737 959 1745 -
980 1701 1149 1765 Dominum
1162 1702 1232 1783 pie-

151 1804 228 1867 tatis
241 1807 368 1868 exorat.

111 1930 299 1994 Communis
324 1927 422 2008 igitur
445 1925 611 2005 utriusque
634 1928 725 2005 pater
748 1924 837 2006 pius,
863 1962 903 1972 —
929 1928 968 1988 ab
990 1930 1133 2010 utrisque
1153 1950 1235 1995 con-

152 2027 597 2108 sulitursanctusltemigius.
1205 2097 1210 2108 .

110 2158 210 2238 Cujus
222 2174 280 2238 per
294 2154 561 2236 sapientissimum
581 2153 766 2234 consilium,
783 2189 824 2197 -
837 2153 880 2214 ad
892 2154 1123 2239 providendum
1136 2158 1235 2220 futuri

153 2259 340 2323 monasterii
350 2261 510 2336 locum,-
518 2256 654 2320 mittitur
666 2274 739 2319 cum
751 2255 874 2335 virgine
882 2257 1027 2339 virgo,-
1035 2263 1149 2325 Sancta
1162 2280 1236 2326 cum

153 2369 283 2447 Sancto,
297 2366 497 2429 -Susanna
515 2380 589 2425 cum
607 2362 790 2426 leudorico.

111 2485 341 2549 conscendunt
358 2484 464 2548 silvosi
485 2484 603 2549 montis
616 2483 785 2565 verticem,
810 2521 851 2529 -
872 2485 905 2548 in
924 2505 988 2566 quo
1005 2494 1116 2569 postca
1138 2509 1236 2555 cons-

152 2594 318 2670 tructum,
331 2625 373 2637 -
385 2592 417 2652 ct
433 2586 531 2654 modo
542 2592 650 2652 manet
662 2588 901 2652 monasterium.

110 2712 176 2775 lllis
188 2715 300 2776 autem
314 2710 584 2774 dubitantibus-
596 2711 651 2774 ubi
672 2715 912 2776 construeretur
924 2714 1078 2777 orationis
1100 2717 1233 2800 domus,

151 2856 192 2867 -
204 2818 262 2884 ubi
277 2818 393 2881 deinde
405 2821 494 2898 septa
509 2816 657 2899 claustri,
672 2852 713 2862 —-
725 2816 780 2880 ubi
792 2820 885 2898 porta
896 2820 1097 2901 monasterii,
1113 2857 1155 2868 -
1166 2824 1236 2885 mit-

151 2924 231 2986 titur
245 2923 287 2986 de
300 2921 502 3003 sublimibus,
516 2957 557 2968 —
570 2921 669 3001 aliger
689 2921 805 2985 missus
819 2958 859 2969 -
880 2941 898 2984 a
912 2941 977 3004 quo
990 2926 1180 3006 leudorico,
1195 2908 1242 2975 -'

152 3026 280 3090 coelum
292 3042 464 3108 scansuro,
479 3062 519 3072 —
532 3026 776 3106 consignaretur
789 3026 821 3089 in
835 3027 929 3089 terris
940 3029 1041 3092 locus.

109 3151 181 3210 lam
193 3152 273 3212 tunc
283 3147 404 3211 laetum
415 3147 561 3228 primitus
571 3164 665 3210 omen
676 3145 822 3227 apparuit
832 3194 841 3227 ,
853 3163 977 3208 —cum
986 3148 1141 3228 mysticus
1150 3152 1231 3231 ales,

154 3251 260 3333 aquila
274 3256 337 3333 (l),
360 3250 510 3331 patiando
527 3250 651 3331 girans,
670 3284 710 3294 —
726 3252 759 3309 et
773 3247 907 3329 girando
921 3250 1050 3332 volans,
1071 3286 1112 3297 —-
1127 3271 1234 3334 quan-

154 3360 223 3417 tum
236 3355 272 3417 in
285 3354 354 3435 ipso
366 3354 441 3436 luit,
455 3355 613 3417 -locum
626 3351 810 3417 monasterii
824 3370 990 3435 capacem,
1011 3371 1124 3418 secans
1141 3374 1231 3437 aera,

153 3460 343 3541 designavit.

111 3595 151 3653 Et
163 3595 200 3654 ut
213 3589 383 3672 specialius
397 3591 630 3654 ostendcrct-
641 3587 719 3668 quid
727 3586 879 3650 Dominus
894 3589 999 3670 vellet,
1011 3592 1124 3654 —tere
1135 3592 1232 3656 unius

153 3701 252 3763 borae
274 3697 379 3779 spatio
392 3715 489 3777 supra
504 3695 557 3758 ubi
570 3694 702 3758 ecclesia
717 3694 859 3756 construi
873 3694 994 3777 debuit,
1010 3697 1156 3760 -lentis
1174 3717 1232 3763 vn-

151 3807 270 3871 latibus
282 3803 381 3867 stetit.

111 3934 200 4000 libet
212 3931 440 4010 considerare,
452 3926 611 4003 carissimi
625 3930 798 4006 -quanta
812 3927 853 3989 sit
866 3928 1005 4007 dignitas
1019 3929 1109 3991 istius
1122 3929 1233 3994 loci-

137 4131 172 4189 (¹)
186 4129 270 4187 „aigle
292 4124 352 4170 araia
374 4134 404 4166 un
418 4122 504 4184 'daran
525 4119 656 4175 mittitque,
695 4120 824 4175 unification
835 4120 903 4176 qu’au
917 4121 1237 4179 phanix31'aamcxxxix‚

111 4207 195 4240 oemme
204 4206 235 4238 οη
247 4193 268 4238 la
282 4189 332 4234 voit
343 4184 528 4240 danslllysdffl.
541 4181 659 4236 belnaio,
696 4195 718 4225 v.
727 4187 756 4237 03
769 4181 837 4234 lsa'lc,
847 4181 884 4224 cb.
894 4193 932 4237 xa,
941 4196 962 4227 r.
973 4189 998 4230 3¹
1010 4196 1016 4227 ι
1031 4197 1100 4240 royac
1110 4185 1171 4230 armai
1183 4189 1235 4231 trois

111 4261 124 4303 Ι.
137 4269 162 4310 u,
179 4258 215 4302 cla.
230 4260 261 4309 9;
281 4263 311 4296 ou
331 4249 363 4293 lui
377 4245 493 4291 attribuait
507 4246 527 4289 la
542 4248 615 4288 meme
625 4246 658 4288 si·
695 4243 796 4299 strophas
806 4243 855 4300 plus
866 4243 914 4287 bas.
1113 4301 1129 4354 5
