3146 5192
772 536 936 590 —176-

394 676 466 720 nam
482 658 562 720 dixit
576 660 742 721 veredicus
756 677 861 721 sermo
876 659 1038 721 seniorum
1052 688 1061 719 :

392 768 504 825 l’acenr
516 764 608 825 terris
619 765 750 827 abstulit
763 766 921 828 adventus
930 784 1054 827 aarum.

391 902 450 959 Per
463 900 522 961 bns
536 903 660 961 Fratres
673 901 817 962 omnium
832 901 923 981 quies
936 902 1152 981 perturbatur.

391 1004 519 1067 unionis
532 1005 694 1069 vinculum
707 1025 764 1087 per
774 1008 861 1087 ipsos
873 1012 1036 1087 vastabit}

391 1111 519 1174 libertas
532 1113 731 1176 studentium
742 1114 789 1177 sic
802 1114 997 1195 eliminatur,

390 1217 478 1299 quod
491 1236 548 1299 per
559 1220 725 1301 privilegia
738 1223 846 1285 nudus
853 1225 922 1303 jam
933 1226 1073 1285 curatur.

391 1361 510 1424 Radius
522 1363 713 1425 concordiae
726 1382 783 1445 per
796 1365 858 1427 boc
871 1366 905 1437 (l.
916 1365 976 1426 bos
985 1369 1010 1439 .³)
1023 1364 1193 1444 eclipsatur
1203 1370 1265 1439 (l).

391 1478 423 1536 et
436 1475 524 1555 pacis
536 1475 690 1538 stabilitas
703 1475 830 1538 ruinam
844 1475 999 1555 minatur,

390 1580 557 1663 omnisque
570 1582 725 1645 securitas
737 1582 848 1662 procul
862 1581 1042 1663 effugatur,

390 1693 422 1750 et
436 1688 488 1751 vix
502 1690 592 1770 quies
604 1690 774 1765 modicu(s)
791 1688 948 1770 aliquibus
967 1691 1071 1753 datur.

389 1832 450 1895 Sed
463 1832 488 1895 ai
504 1838 620 1913 Papam
633 1833 784 1896 Dominus
797 1833 890 1897 nobis
905 1834 1001 1895 talem
1015 1833 1122 1914 daret,

388 1955 499 2001 eorum
513 1938 680 2002 consilium
693 1940 749 2020 qui
763 1957 828 2002 uon
842 1941 1052 2021 approbaret,

387 2044 487 2124 etqui
500 2045 703 2125 supercilium
715 2064 826 2110 eorum
838 2048 992 2127 calcaret,

386 2152 464 2233 quin
477 2152 557 2214 irem
570 2153 612 2215 ad
623 2152 744 2217 curiam
757 2153 833 2216 nibil
849 2170 900 2215 me
913 2154 1066 2216 tardaret.

387 2293 446 2369 Qui
460 2297 628 2375 postquam
642 2295 802 2358 silentium
816 2295 977 2357 Fratribus
991 2295 1149 2374 imponet,

387 2401 483 2465 credo
495 2401 582 2483 quod
596 2403 679 2465 banc
694 2402 828 2481 gratiam
841 2406 924 2464 Deus
937 2401 1014 2464 mibi
1028 2402 1144 2482 donet,

386 2508 473 2588 quod
487 2525 654 2572 rancorem
668 2508 837 2589 pristinum
850 2512 985 2590 uterque
996 2510 1154 2589 deponet,

386 2617 481 2695 atque
495 2614 573 2677 meis
585 2615 732 2695 precibus
743 2615 875 2696 quilibet
887 2619 1067 2696 componet.

386 2762 558 2839 imperator
569 2757 689 2822 scilicet
702 2762 735 2821 et
749 2763 831 2838 Papa
846 2759 1010 2840 facturus3

384 2864 512 2928 recedet
525 2863 683 2928 discordia
698 2868 730 2927 et
741 2883 805 2945 pax
817 2864 878 2928 crit
890 2883 1002 2928 murus
1011 2885 1027 2946 3‘

384 2972 596 3036 omnishomo
609 2972 726 3053 poterit
740 2972 878 3036 dormire
892 2989 1044 3053 securus,

385 3098 403 3141 a
419 3080 507 3143 nullo
521 3079 713 3143 calumniam
727 3081 776 3144 vel
789 3080 942 3143 damnum
954 3081 1117 3160 passurus.

386 3219 462 3278 Nam
476 3232 549 3278 cum
563 3215 596 3278 in
608 3214 764 3295 capitibus
775 3233 839 3295 pax
853 3216 913 3277 erit
926 3214 1068 3293 bubata,

386 3322 417 3384 in
433 3321 581 3385 membris
594 3340 650 3402 per
663 3339 862 3402 consequeus
875 3320 935 3383 erit
948 3322 1118 3384 reformata
1129 3345 1137 3400 3

385 3448 492 3509 mons,
507 3429 615 3511 vallis,
629 3429 780 3510 planicies
794 3429 958 3509 quiescent
971 3431 1004 3490 et
1015 3429 1132 3507 strata,

386 3534 517 3614 domus,
532 3534 749 3598 babitaculum
762 3538 795 3596 ct
808 3534 911 3598 omnis
925 3538 1081 3597 contrata.

385 3672 556 3748 lmperator
571 3670 604 3731 et
616 3667 662 3731 eis
676 3686 799 3750 semper
812 3668 873 3730 luit
887 3668 958 3730 talis

384 3774 470 3856 quod
483 3777 552 3855 ejus
562 3775 685 3855 justitia
699 3794 765 3839 non
778 3774 918 3856 pepercit
932 3775 1022 3837 malis
1035 3825 1043 3857 ,

381 3882 525 3963 quamvis
537 3887 621 3945 esset
634 3883 731 3946 etiarn
742 3900 819 3946 suus
834 3883 1077 3963 comme(n)salis

382 3991 431 4054 vel
444 3988 566 4053 amicus
579 3990 719 4070 qualibet
731 3988 833 4070 magis
847 3988 1000 4069 specialis.

315 4214 344 4271 (l)
358 4211 398 4257 liat
406 4213 523 4271 obscurci;
534 4227 602 4272 rores
612 4216 641 4260 du
652 4216 739 4273 Caum,
753 4224 768 4261 r.
780 4217 826 4271 lll,
840 4230 861 4273 p.
874 4221 897 4271 n,
909 4218 950 4262 col.
964 4223 987 4263 2.
