3162 5188
592 602 630 608 .-
647 575 737 627 57.-

113 699 246 768 Quorum
269 698 346 757 tuno
367 696 437 756 erat
458 710 515 755 rex
536 695 628 757 vaide
647 695 862 757 timendus-
878 695 1085 777 deodoricus,
1105 698 1220 760 Flodo-
1242 751 1246 757 .

148 798 212 862 vaei
225 803 271 874 (1)
286 798 380 861 filius.

112 905 202 983 Cujus
215 903 330 964 oculus
344 900 440 963 subiti
462 900 580 964 doloris
593 899 699 963 nimiis
711 900 903 964 eruciatibus
918 901 962 964 ita
976 905 1025 964 est
1038 907 1220 986 correptus,

147 1042 186 1053 —
198 1010 236 1068 ut
247 1006 344 1069 nullis
358 1005 472 1070 diversi
487 1005 611 1086 generis
624 1006 865 1068 medicamentis
876 1006 917 1068 ad
933 1007 1102 1069 sanitatem
1115 1009 1222 1087 pristi-

148 1127 222 1172 nam
237 1111 322 1172 ullus
334 1146 376 1157 -
391 1127 465 1172 eum
478 1114 586 1190 posset
597 1110 770 1190 perducere
783 1111 936 1174 medicus.

114 1216 206 1279 Unius
219 1216 304 1279 oculi
318 1216 531 1298 lacrymabilis
540 1215 706 1295 aegritudo
715 1244 755 1260 —
763 1217 929 1278 oouiomm
940 1218 1114 1279 multorum
1127 1219 1224 1298 lacry-

146 1340 216 1385 mas
225 1322 379 1387 excitavit
389 1323 424 1384 in
437 1324 573 1403 populo3
587 1358 626 1367 —-
643 1322 728 1403 regis
746 1322 886 1384 animum
899 1322 1005 1384 exitus
1018 1324 1129 1386 incerti
1143 1344 1225 1387 oon-

148 1433 290 1494 turbant.

115 1535 187 1598 liino
203 1536 308 1615 tangit
319 1532 456 1599 formido
469 1535 599 1616 mortis3
611 1570 652 1581 -
665 1533 750 1596 illino
762 1533 950 1613 magnitudo
962 1535 1091 1597 doloris.

114 1641 188 1704 iiiuc
199 1644 305 1703 metus
317 1641 483 1704 amittendi
494 1640 641 1721 luminis3
656 1676 696 1687 —-
708 1638 794 1702 illino
806 1640 998 1703 imminentis
1009 1641 1105 1704 timor
1118 1642 1227 1705 defor-

149 1745 279 1807 mitatis.

115 1855 206 1932 Nam,
232 1850 260 1914 si
281 1869 340 1915 rex
363 1852 489 1914 adforet
509 1852 632 1929 luscus,
655 1885 695 1895 —
717 1848 891 1910 maximum
913 1849 947 1911 in
971 1850 1093 1930 populis
1117 1850 1228 1912 suisset

150 1955 301 2019 dedecus.

114 2064 172 2123 Aut
184 2061 283 2142 enim,
297 2061 433 2141 turpiter
443 2062 621 2143 regnando,
633 2060 842 2124 deformitatis
853 2063 994 2140 portaret
1007 2060 1228 2144 opprobrium,

150 2200 192 2211 -
205 2169 263 2227 aut
272 2165 451 2245 perditione
463 2166 546 2229 oculi
560 2164 749 2245 perdidisset
762 2182 908 2244 regnum.

115 2272 216 2331 Unum
226 2285 306 2347 ergo
320 2271 461 2331 restabat
472 2269 540 2349 regi
555 2270 739 2351 eonsilium,
753 2306 793 2315 —
806 2273 860 2350 ut,
876 2269 929 2332 ubi
946 2273 1101 2333 cessasset
1113 2272 1230 2333 huma-

151 2389 229 2436 num
243 2371 436 2453 remedium,
451 2409 493 2418 —
510 2373 562 2435 hio
575 2373 687 2435 adesse
707 2390 837 2436 necesse
850 2376 919 2435 erat
939 2373 1081 2437 divinum
1100 2373 1231 2454 adjuto-

151 2495 246 2540 rrum·

116 2580 254 2643 Audiens
267 2578 366 2658 igitur
375 2596 433 2641 rex
447 2579 564 2640 sarnam
573 2578 762 2642 venerabilis
775 2579 898 2640 abbatis
909 2578 1090 2658 Teuderioi,
1104 2613 1145 2624 -
1154 2581 1227 2658 jus·

152 2686 194 2748 sit
207 2703 284 2748 eum
298 2684 339 2746 ad
352 2699 387 2746 se
400 2683 523 2765 vocari,
538 2720 578 2730 —
591 2687 642 2766 et,
665 2702 738 2747 curn
751 2684 904 2765 venisset,
931 2684 1070 2747 ostendit
1094 2686 1122 2747 ei
1141 2703 1230 2748 mor-

152 2792 229 2852 bum
239 2788 429 2851 'miserabilis
447 2788 541 2851 oouii.

114 2899 268 2961 Monstrat
276 2912 413 2976 poenam
425 2912 522 2974 quam
535 2893 665 2974 patitur,
681 2894 897 2973 -praevenit
911 2894 1053 2974 pericula
1071 2913 1154 2975 quae
1174 2912 1232 2958 ve-

154 3005 259 3081 retur3
273 3035 315 3045 —
327 3000 460 3078 supplex
472 2998 629 3079 deposcit,
644 2998 800 3061 subnixus
814 2998 952 3079 rogitat,
972 2997 1104 3061 timriter
1124 3001 1232 3079 sperat

154 3108 326 3172 sanitatem
338 3122 435 3186 quarn
448 3121 467 3167 a
478 3104 612 3168 Domino
623 3121 679 3184 per
692 3121 787 3166 suum
801 3119 928 3168 servum
941 3104 1140 3182 deprecatur.

115 3216 203 3274 Tune
214 3209 266 3276 vir
279 3208 351 3290 Dei,
364 3208 468 3271 sciens
478 3208 628 3273 virtutem
646 3225 713 3269 non
731 3223 800 3268 esse
823 3207 981 3267 humanae
995 3206 1176 3284 tragilitatis
1194 3243 1234 3252 -

154 3315 211 3378 sed
224 3313 352 3377 divinae
366 3312 558 3392 operationis
567 3327 745 3394 ,—-corpus
757 3311 826 3372 soio
839 3307 953 3371 sternit
961 3309 1163 3390 ,-animum
1175 3327 1233 3373 su-

154 3442 210 3504 per
224 3421 330 3484 sidera
343 3418 453 3499 erigit,
467 3420 625 3481 -totum
638 3435 672 3480 se
684 3417 821 3479 orationi
839 3415 1017 3478 committit.

115 3531 234 3595 Deinde
248 3529 379 3609 peracto
400 3527 499 3588 ferme
523 3524 618 3587 unius
638 3526 737 3587 horae
758 3523 876 3605 spatio,
901 3525 1008 3585 certus
1027 3522 1114 3602 quod
1138 3524 1232 3586 oouio

155 3637 241 3718 regis
254 3636 364 3697 lumen
380 3630 549 3712 impetrare
567 3629 684 3692 meruit
701 3666 742 3675 —-
764 3629 941 3693 orationem
960 3625 1072 3691 finivit.

114 3748 320 3824 Tandemque
334 3756 487 3821 surgens,
501 3740 607 3801 erecto
626 3736 667 3798 ad
680 3735 784 3798 sidera
797 3737 889 3799 vultu
901 3783 909 3816 ,
929 3737 1059 3797 sanotae
1073 3733 1234 3799 Trinitatis

154 3869 274 3916 nornen
288 3848 418 3911 invocat
429 3846 463 3920 (l.
475 3841 677 3922 invocanti),
691 3877 731 3887 -
744 3839 804 3903 olei
814 3840 914 3902 sancti
925 3842 1089 3919 paululum
1099 3843 1233 3905 summi-

154 3956 212 4020 tati
221 3951 346 4036 poiiiois
359 3947 499 4012 infundit
511 3946 545 4021 (l.
561 3944 678 4008 infudit
684 3949 718 4020 t).

140 4162 171 4217 (Ι)
184 4157 356 4206 Ghlfflwfflussz
380 4157 439 4198 cetto
457 4150 527 4196 iorme
548 4148 658 4205 d'aspira-
692 4146 804 4202 rempiaoe
816 4147 872 4190 dans
882 4144 1000 4205 beauooup
1014 4148 1042 4193 do
1055 4155 1113 4195 mota
1130 4151 1151 4197 io
1168 4154 1234 4198 μὴ,

115 4224 158 4267 tion
172 4227 207 4266 est
227 4213 400 4272 romarquabto,
419 4213 473 4257 o'est
493 4224 537 4255 une
554 4216 613 4254 sorte
631 4211 658 4254 de
693 4210 768 4253 Latius
779 4221 819 4264 par
832 4221 862 4252 un
876 4221 904 4251 u:
920 4209 984 4264 iiijo,
997 4210 1082 4268 Hacer,
1098 4212 1159 4257 meo,

115 4286 225 4341 digamma
237 4280 341 4335 dolique:
358 4288 387 4320 on
398 4275 440 4318 suit
453 4286 497 4330 que
511 4271 630 4328 i’ospagnoi
644 4285 657 4315 a
