<?xml version="1.0" encoding="UTF-8"?>
<!DOCTYPE html PUBLIC "-//W3C//DTD XHTML 1.0 Transitional//EN"
    "http://www.w3.org/TR/xhtml1/DTD/xhtml1-transitional.dtd">
<html xmlns="http://www.w3.org/1999/xhtml" xml:lang="en" lang="en">
 <head>
  <title>
</title>
<meta http-equiv="Content-Type" content="text/html;charset=utf-8" />
  <meta name='ocr-system' content='tesseract 3.04.00' />
  <meta name='ocr-capabilities' content='ocr_page ocr_carea ocr_par ocr_line ocrx_word'/>
</head>
<body>
  <div class='ocr_page' id='page_1' title='image "./posiespopulaire04mrgoog_0171.png"; bbox 0 0 3146 5192; ppageno 0'>
   <div class='ocr_carea' id='block_1_1' title="bbox 258 437 1133 731">
    <p class='ocr_par' dir='ltr' id='par_1_1' title="bbox 258 437 1133 731">
     <span class='ocr_line' id='line_1_1' title="bbox 595 437 754 492; baseline -0.019 1"><span class='ocrx_word' id='word_1_1' title='bbox 595 465 634 474; x_wconf 94' lang='lat'>—</span> <span class='ocrx_word' id='word_1_2' title='bbox 647 437 703 492; x_wconf 85' lang='lat'>157</span> <span class='ocrx_word' id='word_1_3' title='bbox 716 468 754 476; x_wconf 93' lang='lat'><em>-</em></span> 
     </span>
     <span class='ocr_line' id='line_1_2' title="bbox 259 542 907 625; baseline 0.002 -17"><span class='ocrx_word' id='word_1_4' title='bbox 259 562 347 608; x_wconf 90' lang='lat' dir='ltr'>versa</span> <span class='ocrx_word' id='word_1_5' title='bbox 359 546 411 607; x_wconf 88' lang='lat' dir='ltr'>est</span> <span class='ocrx_word' id='word_1_6' title='bbox 423 543 456 606; x_wconf 93' lang='lat' dir='ltr'>in</span> <span class='ocrx_word' id='word_1_7' title='bbox 471 542 614 606; x_wconf 91' lang='lat' dir='ltr'>habitum</span> <span class='ocrx_word' id='word_1_8' title='bbox 628 545 744 625; x_wconf 92' lang='lat' dir='ltr'>cupido</span> <span class='ocrx_word' id='word_1_9' title='bbox 757 547 886 610; x_wconf 91' lang='lat' dir='ltr'>tenendi</span> <span class='ocrx_word' id='word_1_10' title='bbox 898 574 907 625; x_wconf 81' lang='lat'>3</span> 
     </span>
     <span class='ocr_line' id='line_1_3' title="bbox 258 648 1133 731; baseline 0.007 -17"><span class='ocrx_word' id='word_1_11' title='bbox 258 656 396 731; x_wconf 87' lang='lat' dir='ltr'>tempore</span> <span class='ocrx_word' id='word_1_12' title='bbox 405 648 505 714; x_wconf 87' lang='lat' dir='ltr'>crevit</span> <span class='ocrx_word' id='word_1_13' title='bbox 515 668 605 712; x_wconf 93' lang='lat' dir='ltr'>amor</span> <span class='ocrx_word' id='word_1_14' title='bbox 613 649 668 730; x_wconf 89' lang='lat' dir='ltr'>qui</span> <span class='ocrx_word' id='word_1_15' title='bbox 679 669 765 714; x_wconf 92' lang='lat' dir='ltr'>nunc</span> <span class='ocrx_word' id='word_1_16' title='bbox 774 655 823 714; x_wconf 91' lang='lat' dir='ltr'>est</span> <span class='ocrx_word' id='word_1_17' title='bbox 831 670 975 717; x_wconf 89' lang='lat' dir='ltr'>summus</span> <span class='ocrx_word' id='word_1_18' title='bbox 987 656 1133 720; x_wconf 88' lang='lat' dir='ltr'>habendi.</span> 
     </span>
    </p>
   </div>
   <div class='ocr_carea' id='block_1_2' title="bbox 256 780 964 1184">
    <p class='ocr_par' dir='ltr' id='par_1_2' title="bbox 256 780 964 1184">
     <span class='ocr_line' id='line_1_4' title="bbox 258 780 881 862; baseline -0.002 -16"><span class='ocrx_word' id='word_1_19' title='bbox 258 783 367 846; x_wconf 82' lang='lat' dir='ltr'>Studet</span> <span class='ocrx_word' id='word_1_20' title='bbox 379 782 506 862; x_wconf 90' lang='lat' dir='ltr'>praesul</span> <span class='ocrx_word' id='word_1_21' title='bbox 517 780 637 862; x_wconf 92' lang='lat' dir='ltr'>pretiis,</span> <span class='ocrx_word' id='word_1_22' title='bbox 653 784 685 843; x_wconf 94' lang='lat' dir='ltr'>et</span> <span class='ocrx_word' id='word_1_23' title='bbox 698 782 881 846; x_wconf 78' lang='lat' dir='ltr'>archilevita</span> 
     </span>
     <span class='ocr_line' id='line_1_5' title="bbox 258 887 898 971; baseline -0.002 -18"><span class='ocrx_word' id='word_1_24' title='bbox 258 889 333 954; x_wconf 91' lang='lat' dir='ltr'>vivit</span> <span class='ocrx_word' id='word_1_25' title='bbox 345 887 524 971; x_wconf 71' lang='lat' dir='ltr'>solitarius,</span> <span class='ocrx_word' id='word_1_26' title='bbox 540 891 654 951; x_wconf 79' lang='lat' dir='ltr'>coenat</span> <span class='ocrx_word' id='word_1_27' title='bbox 668 889 822 951; x_wconf 85' lang='lat' dir='ltr'>heremita</span> <span class='ocrx_word' id='word_1_28' title='bbox 835 891 898 971; x_wconf 79' lang='lat' dir='ltr'>(l),</span> 
     </span>
     <span class='ocr_line' id='line_1_6' title="bbox 257 993 954 1074; baseline -0.001 -15"><span class='ocrx_word' id='word_1_29' title='bbox 257 999 457 1060; x_wconf 90' lang='lat' dir='ltr'>morerentur</span> <span class='ocrx_word' id='word_1_30' title='bbox 467 994 590 1058; x_wconf 92' lang='lat' dir='ltr'>utinam</span> <span class='ocrx_word' id='word_1_31' title='bbox 602 993 634 1056; x_wconf 94' lang='lat' dir='ltr'>hi</span> <span class='ocrx_word' id='word_1_32' title='bbox 646 996 700 1074; x_wconf 91' lang='lat' dir='ltr'>qui</span> <span class='ocrx_word' id='word_1_33' title='bbox 713 994 825 1059; x_wconf 91' lang='lat' dir='ltr'>vivunt</span> <span class='ocrx_word' id='word_1_34' title='bbox 836 1000 877 1072; x_wconf 74' lang='lat'>(2)</span> <span class='ocrx_word' id='word_1_35' title='bbox 891 996 954 1058; x_wconf 81' lang='lat' dir='ltr'>ita!</span> 
     </span>
     <span class='ocr_line' id='line_1_7' title="bbox 256 1099 964 1184; baseline -0.004 -16"><span class='ocrx_word' id='word_1_36' title='bbox 256 1104 372 1168; x_wconf 83' lang='lat' dir='ltr'>Felices</span> <span class='ocrx_word' id='word_1_37' title='bbox 383 1105 503 1167; x_wconf 89' lang='lat' dir='ltr'>obeunt</span> <span class='ocrx_word' id='word_1_38' title='bbox 516 1119 652 1184; x_wconf 92' lang='lat' dir='ltr'>quorum</span> <span class='ocrx_word' id='word_1_39' title='bbox 664 1099 732 1163; x_wconf 91' lang='lat' dir='ltr'>sine</span> <span class='ocrx_word' id='word_1_40' title='bbox 744 1100 875 1165; x_wconf 90' lang='lat' dir='ltr'>crimine</span> <span class='ocrx_word' id='word_1_41' title='bbox 888 1102 964 1167; x_wconf 89' lang='lat' dir='ltr'>vita.</span> 
     </span>
    </p>
   </div>
   <div class='ocr_carea' id='block_1_3' title="bbox 253 1236 1110 1639">
    <p class='ocr_par' dir='ltr' id='par_1_3' title="bbox 256 1236 940 1318">
     <span class='ocr_line' id='line_1_8' title="bbox 256 1236 940 1318; baseline -0.001 -17"><span class='ocrx_word' id='word_1_42' title='bbox 256 1238 306 1302; x_wconf 90' lang='lat' dir='ltr'>Vis</span> <span class='ocrx_word' id='word_1_43' title='bbox 319 1240 460 1301; x_wconf 90' lang='lat' dir='ltr'>decanus</span> <span class='ocrx_word' id='word_1_44' title='bbox 477 1236 563 1318; x_wconf 88' lang='lat' dir='ltr'>lieri,</span> <span class='ocrx_word' id='word_1_45' title='bbox 579 1236 721 1317; x_wconf 88' lang='lat' dir='ltr'>praesul,</span> <span class='ocrx_word' id='word_1_46' title='bbox 736 1237 940 1316; x_wconf 82' lang='lat' dir='ltr'>patriarcha?</span> 
     </span>
    </p>

    <p class='ocr_par' dir='ltr' id='par_1_4' title="bbox 253 1342 956 1427">
     <span class='ocr_line' id='line_1_9' title="bbox 253 1342 956 1427; baseline 0 -19"><span class='ocrx_word' id='word_1_47' title='bbox 253 1344 320 1408; x_wconf 92' lang='lat' dir='ltr'>auri</span> <span class='ocrx_word' id='word_1_48' title='bbox 333 1346 434 1407; x_wconf 90' lang='lat' dir='ltr'>multa</span> <span class='ocrx_word' id='word_1_49' title='bbox 448 1342 503 1407; x_wconf 90' lang='lat' dir='ltr'>tihi</span> <span class='ocrx_word' id='word_1_50' title='bbox 516 1347 561 1419; x_wconf 86' lang='lat'>(3)</span> <span class='ocrx_word' id='word_1_51' title='bbox 571 1343 613 1406; x_wconf 91' lang='lat' dir='ltr'>sit</span> <span class='ocrx_word' id='word_1_52' title='bbox 624 1344 674 1406; x_wconf 93' lang='lat' dir='ltr'>vel</span> <span class='ocrx_word' id='word_1_53' title='bbox 689 1345 812 1424; x_wconf 81' lang='lat' dir='ltr'>argenti</span> <span class='ocrx_word' id='word_1_54' title='bbox 825 1362 931 1409; x_wconf 90' lang='lat' dir='ltr'>marca</span> <span class='ocrx_word' id='word_1_55' title='bbox 947 1373 956 1427; x_wconf 77' lang='lat'><em>3</em></span> 
     </span>
    </p>

    <p class='ocr_par' dir='ltr' id='par_1_5' title="bbox 257 1449 920 1532">
     <span class='ocr_line' id='line_1_10' title="bbox 257 1449 920 1532; baseline 0 -18"><span class='ocrx_word' id='word_1_56' title='bbox 257 1455 381 1514; x_wconf 92' lang='lat' dir='ltr'>tantum</span> <span class='ocrx_word' id='word_1_57' title='bbox 393 1451 489 1514; x_wconf 91' lang='lat' dir='ltr'>hahet</span> <span class='ocrx_word' id='word_1_58' title='bbox 500 1449 592 1532; x_wconf 88' lang='lat' dir='ltr'>fidei,</span> <span class='ocrx_word' id='word_1_59' title='bbox 607 1453 688 1513; x_wconf 90' lang='lat' dir='ltr'>teste</span> <span class='ocrx_word' id='word_1_60' title='bbox 698 1469 796 1513; x_wconf 93' lang='lat' dir='ltr'>manu</span> <span class='ocrx_word' id='word_1_61' title='bbox 807 1469 920 1532; x_wconf 89' lang='lat' dir='ltr'>parca,</span> 
     </span>
    </p>

    <p class='ocr_par' dir='ltr' id='par_1_6' title="bbox 254 1555 1110 1639">
     <span class='ocr_line' id='line_1_11' title="bbox 254 1555 1110 1639; baseline 0 -18"><span class='ocrx_word' id='word_1_62' title='bbox 254 1560 409 1639; x_wconf 87' lang='lat' dir='ltr'>quantum</span> <span class='ocrx_word' id='word_1_63' title='bbox 422 1555 556 1639; x_wconf 87' lang='lat' dir='ltr'>quisque</span> <span class='ocrx_word' id='word_1_64' title='bbox 570 1574 628 1619; x_wconf 91' lang='lat' dir='ltr'>sua</span> <span class='ocrx_word' id='word_1_65' title='bbox 641 1575 846 1619; x_wconf 92' lang='lat' dir='ltr'>nummorum</span> <span class='ocrx_word' id='word_1_66' title='bbox 860 1561 965 1622; x_wconf 89' lang='lat' dir='ltr'>servat</span> <span class='ocrx_word' id='word_1_67' title='bbox 978 1558 1010 1621; x_wconf 92' lang='lat' dir='ltr'>in</span> <span class='ocrx_word' id='word_1_68' title='bbox 1025 1577 1110 1622; x_wconf 89' lang='lat' dir='ltr'>arca.</span> 
     </span>
    </p>
   </div>
   <div class='ocr_carea' id='block_1_4' title="bbox 255 1690 1052 2090">
    <p class='ocr_par' dir='ltr' id='par_1_7' title="bbox 255 1690 1052 2090">
     <span class='ocr_line' id='line_1_12' title="bbox 256 1690 1052 1773; baseline 0.005 -19"><span class='ocrx_word' id='word_1_69' title='bbox 256 1696 289 1755; x_wconf 94' lang='lat' dir='ltr'>ln</span> <span class='ocrx_word' id='word_1_70' title='bbox 302 1710 367 1772; x_wconf 89' lang='lat' dir='ltr'>quo</span> <span class='ocrx_word' id='word_1_71' title='bbox 380 1690 491 1755; x_wconf 89' lang='lat' dir='ltr'>mundi</span> <span class='ocrx_word' id='word_1_72' title='bbox 505 1690 646 1773; x_wconf 89' lang='lat' dir='ltr'>climate,</span> <span class='ocrx_word' id='word_1_73' title='bbox 660 1692 719 1752; x_wconf 91' lang='lat' dir='ltr'>suh</span> <span class='ocrx_word' id='word_1_74' title='bbox 732 1709 796 1771; x_wconf 85' lang='lat' dir='ltr'>quo</span> <span class='ocrx_word' id='word_1_75' title='bbox 809 1690 888 1754; x_wconf 89' lang='lat' dir='ltr'>coeli</span> <span class='ocrx_word' id='word_1_76' title='bbox 901 1691 944 1769; x_wconf 82' lang='lat' dir='ltr'>(l)</span> <span class='ocrx_word' id='word_1_77' title='bbox 960 1693 1052 1772; x_wconf 83' lang='lat' dir='ltr'>signo</span> 
     </span>
     <span class='ocr_line' id='line_1_13' title="bbox 255 1795 949 1876; baseline 0.001 -18"><span class='ocrx_word' id='word_1_78' title='bbox 255 1798 304 1859; x_wconf 88' lang='lat' dir='ltr'>est</span> <span class='ocrx_word' id='word_1_79' title='bbox 316 1797 414 1859; x_wconf 90' lang='lat' dir='ltr'>abhas</span> <span class='ocrx_word' id='word_1_80' title='bbox 425 1798 481 1858; x_wconf 90' lang='lat' dir='ltr'>aut</span> <span class='ocrx_word' id='word_1_81' title='bbox 491 1795 655 1876; x_wconf 73' lang='lat' dir='ltr'>pontifex,</span> <span class='ocrx_word' id='word_1_82' title='bbox 669 1798 797 1876; x_wconf 86' lang='lat' dir='ltr'>pectore</span> <span class='ocrx_word' id='word_1_83' title='bbox 809 1796 949 1875; x_wconf 81' lang='lat' dir='ltr'>benigno</span> 
     </span>
     <span class='ocr_line' id='line_1_14' title="bbox 257 1900 999 1983; baseline -0.001 -17"><span class='ocrx_word' id='word_1_84' title='bbox 257 1903 371 1983; x_wconf 83' lang='lat' dir='ltr'>dignus</span> <span class='ocrx_word' id='word_1_85' title='bbox 385 1901 498 1966; x_wconf 85' lang='lat' dir='ltr'>Christi</span> <span class='ocrx_word' id='word_1_86' title='bbox 512 1900 647 1983; x_wconf 90' lang='lat' dir='ltr'>nuptiis,</span> <span class='ocrx_word' id='word_1_87' title='bbox 663 1900 780 1980; x_wconf 81' lang='lat' dir='ltr'>dignus</span> <span class='ocrx_word' id='word_1_88' title='bbox 790 1900 875 1965; x_wconf 91' lang='lat' dir='ltr'>vitae</span> <span class='ocrx_word' id='word_1_89' title='bbox 887 1901 999 1981; x_wconf 82' lang='lat' dir='ltr'>ligno?</span> 
     </span>
     <span class='ocr_line' id='line_1_15' title="bbox 256 2007 1035 2090; baseline -0.001 -16"><span class='ocrx_word' id='word_1_90' title='bbox 256 2015 337 2074; x_wconf 87' lang='lat' dir='ltr'>Rara</span> <span class='ocrx_word' id='word_1_91' title='bbox 350 2008 417 2073; x_wconf 91' lang='lat' dir='ltr'>avis</span> <span class='ocrx_word' id='word_1_92' title='bbox 431 2008 464 2071; x_wconf 89' lang='lat' dir='ltr'>in</span> <span class='ocrx_word' id='word_1_93' title='bbox 479 2007 571 2071; x_wconf 88' lang='lat' dir='ltr'>terris</span> <span class='ocrx_word' id='word_1_94' title='bbox 583 2007 739 2089; x_wconf 82' lang='lat' dir='ltr'>nigroque</span> <span class='ocrx_word' id='word_1_95' title='bbox 750 2007 907 2071; x_wconf 91' lang='lat' dir='ltr'>simillima</span> <span class='ocrx_word' id='word_1_96' title='bbox 920 2026 1035 2090; x_wconf 79' lang='lat' dir='ltr'>cygno.</span> 
     </span>
    </p>
   </div>
   <div class='ocr_carea' id='block_1_5' title="bbox 255 2141 1054 2542">
    <p class='ocr_par' dir='ltr' id='par_1_8' title="bbox 255 2141 870 2221">
     <span class='ocr_line' id='line_1_16' title="bbox 255 2141 870 2221; baseline -0.007 -13"><span class='ocrx_word' id='word_1_97' title='bbox 255 2147 294 2209; x_wconf 90' lang='lat' dir='ltr'>Ut</span> <span class='ocrx_word' id='word_1_98' title='bbox 305 2142 432 2207; x_wconf 87' lang='lat' dir='ltr'>ludaeis</span> <span class='ocrx_word' id='word_1_99' title='bbox 444 2141 519 2207; x_wconf 87' lang='lat' dir='ltr'>odio</span> <span class='ocrx_word' id='word_1_100' title='bbox 530 2145 607 2205; x_wconf 88' lang='lat' dir='ltr'>sunt</span> <span class='ocrx_word' id='word_1_101' title='bbox 618 2159 731 2205; x_wconf 89' lang='lat' dir='ltr'>carnes</span> <span class='ocrx_word' id='word_1_102' title='bbox 743 2141 870 2221; x_wconf 80' lang='lat' dir='ltr'>suillae,</span> 
     </span>
    </p>

    <p class='ocr_par' dir='ltr' id='par_1_9' title="bbox 255 2238 1054 2542">
     <span class='ocr_line' id='line_1_17' title="bbox 255 2238 1022 2331; baseline 0 -19"><span class='ocrx_word' id='word_1_103' title='bbox 255 2249 300 2313; x_wconf 90' lang='lat' dir='ltr'>sic</span> <span class='ocrx_word' id='word_1_104' title='bbox 311 2238 407 2311; x_wconf 78' lang='lat' dir='ltr'>in&#39;his</span> <span class='ocrx_word' id='word_1_105' title='bbox 418 2247 578 2311; x_wconf 84' lang='lat' dir='ltr'>extinctae</span> <span class='ocrx_word' id='word_1_106' title='bbox 591 2250 668 2311; x_wconf 89' lang='lat' dir='ltr'>sunt</span> <span class='ocrx_word' id='word_1_107' title='bbox 680 2246 834 2312; x_wconf 92' lang='lat' dir='ltr'>virtutum</span> <span class='ocrx_word' id='word_1_108' title='bbox 848 2247 1022 2331; x_wconf 71' lang='lat' dir='ltr'>scintillae,</span> 
     </span>
     <span class='ocr_line' id='line_1_18' title="bbox 256 2353 959 2436; baseline -0.007 -16"><span class='ocrx_word' id='word_1_109' title='bbox 256 2356 307 2420; x_wconf 87' lang='lat' dir='ltr'>hio</span> <span class='ocrx_word' id='word_1_110' title='bbox 319 2358 412 2420; x_wconf 89' lang='lat' dir='ltr'>vacat</span> <span class='ocrx_word' id='word_1_111' title='bbox 424 2353 565 2436; x_wconf 85' lang='lat' dir='ltr'>libidini,</span> <span class='ocrx_word' id='word_1_112' title='bbox 580 2371 711 2416; x_wconf 93' lang='lat' dir='ltr'>nummo</span> <span class='ocrx_word' id='word_1_113' title='bbox 725 2359 769 2429; x_wconf 89' lang='lat'>(5)</span> <span class='ocrx_word' id='word_1_114' title='bbox 782 2353 879 2416; x_wconf 92' lang='lat' dir='ltr'>servit</span> <span class='ocrx_word' id='word_1_115' title='bbox 888 2354 959 2435; x_wconf 76' lang='lat' dir='ltr'>ille,</span> 
     </span>
     <span class='ocr_line' id='line_1_19' title="bbox 256 2459 1054 2542; baseline -0.004 -16"><span class='ocrx_word' id='word_1_116' title='bbox 256 2462 373 2526; x_wconf 89' lang='lat' dir='ltr'>credite</span> <span class='ocrx_word' id='word_1_117' title='bbox 382 2480 469 2525; x_wconf 91' lang='lat' dir='ltr'>nunc</span> <span class='ocrx_word' id='word_1_118' title='bbox 481 2460 571 2525; x_wconf 89' lang='lat' dir='ltr'>vohis</span> <span class='ocrx_word' id='word_1_119' title='bbox 585 2459 696 2523; x_wconf 89' lang='lat' dir='ltr'>lolium</span> <span class='ocrx_word' id='word_1_120' title='bbox 707 2464 750 2536; x_wconf 87' lang='grc'>(6)</span> <span class='ocrx_word' id='word_1_121' title='bbox 761 2459 895 2524; x_wconf 89' lang='lat' dir='ltr'>recitare</span> <span class='ocrx_word' id='word_1_122' title='bbox 909 2459 1054 2542; x_wconf 78' lang='lat' dir='ltr'>Sibyllae.</span> 
     </span>
    </p>
   </div>
   <div class='ocr_carea' id='block_1_6' title="bbox 255 2593 982 2996">
    <p class='ocr_par' dir='ltr' id='par_1_10' title="bbox 255 2593 829 2663">
     <span class='ocr_line' id='line_1_20' title="bbox 255 2593 829 2663; baseline -0.012 0"><span class='ocrx_word' id='word_1_123' title='bbox 255 2600 369 2663; x_wconf 84' lang='lat' dir='ltr'>Omnes</span> <span class='ocrx_word' id='word_1_124' title='bbox 381 2595 513 2662; x_wconf 88' lang='lat' dir='ltr'>avaritia</span> <span class='ocrx_word' id='word_1_125' title='bbox 526 2594 686 2657; x_wconf 89' lang='lat' dir='ltr'>mentibus</span> <span class='ocrx_word' id='word_1_126' title='bbox 699 2593 829 2657; x_wconf 87' lang='lat' dir='ltr'>imbutis</span> 
     </span>
    </p>

    <p class='ocr_par' dir='ltr' id='par_1_11' title="bbox 255 2701 982 2996">
     <span class='ocr_line' id='line_1_21' title="bbox 255 2701 982 2784; baseline 0 -19"><span class='ocrx_word' id='word_1_127' title='bbox 255 2704 287 2767; x_wconf 96' lang='lat' dir='ltr'>in</span> <span class='ocrx_word' id='word_1_128' title='bbox 301 2721 431 2768; x_wconf 89' lang='lat' dir='ltr'>nummo</span> <span class='ocrx_word' id='word_1_129' title='bbox 445 2701 646 2766; x_wconf 90' lang='lat' dir='ltr'>constituunt</span> <span class='ocrx_word' id='word_1_130' title='bbox 659 2718 747 2782; x_wconf 91' lang='lat' dir='ltr'>spem</span> <span class='ocrx_word' id='word_1_131' title='bbox 760 2719 838 2765; x_wconf 88' lang='lat' dir='ltr'>suae</span> <span class='ocrx_word' id='word_1_132' title='bbox 851 2703 982 2784; x_wconf 86' lang='lat' dir='ltr'>salutis,</span> 
     </span>
     <span class='ocr_line' id='line_1_22' title="bbox 255 2806 943 2891; baseline -0.003 -17"><span class='ocrx_word' id='word_1_133' title='bbox 255 2812 368 2874; x_wconf 87' lang='lat' dir='ltr'>nolunt</span> <span class='ocrx_word' id='word_1_134' title='bbox 378 2814 422 2887; x_wconf 86' lang='lat'>(7)</span> <span class='ocrx_word' id='word_1_135' title='bbox 436 2807 497 2872; x_wconf 91' lang='lat' dir='ltr'>dici</span> <span class='ocrx_word' id='word_1_136' title='bbox 510 2806 634 2889; x_wconf 83' lang='lat' dir='ltr'>prodigi</span> <span class='ocrx_word' id='word_1_137' title='bbox 648 2809 743 2870; x_wconf 88' lang='lat' dir='ltr'>rebus</span> <span class='ocrx_word' id='word_1_138' title='bbox 760 2808 943 2891; x_wconf 82' lang='lat' dir='ltr'>dissolutis,</span> 
     </span>
     <span class='ocr_line' id='line_1_23' title="bbox 255 2914 846 2996; baseline -0.008 -15"><span class='ocrx_word' id='word_1_139' title='bbox 255 2919 333 2982; x_wconf 90' lang='lat' dir='ltr'>lallit</span> <span class='ocrx_word' id='word_1_140' title='bbox 345 2935 401 2981; x_wconf 89' lang='lat' dir='ltr'>eos</span> <span class='ocrx_word' id='word_1_141' title='bbox 413 2920 458 2994; x_wconf 88' lang='lat'>(8)</span> <span class='ocrx_word' id='word_1_142' title='bbox 471 2915 583 2980; x_wconf 91' lang='lat' dir='ltr'>vitium</span> <span class='ocrx_word' id='word_1_143' title='bbox 595 2914 699 2996; x_wconf 89' lang='lat' dir='ltr'>specie</span> <span class='ocrx_word' id='word_1_144' title='bbox 710 2914 846 2977; x_wconf 90' lang='lat' dir='ltr'>virtutis.</span> 
     </span>
    </p>
   </div>
   <div class='ocr_carea' id='block_1_7' title="bbox 182 3048 1005 3450">
    <p class='ocr_par' dir='ltr' id='par_1_12' title="bbox 255 3048 902 3238">
     <span class='ocr_line' id='line_1_24' title="bbox 255 3048 854 3135; baseline -0.002 -19"><span class='ocrx_word' id='word_1_145' title='bbox 255 3057 277 3115; x_wconf 83' lang='grc' dir='ltr'>Α</span> <span class='ocrx_word' id='word_1_146' title='bbox 291 3052 439 3135; x_wconf 88' lang='lat' dir='ltr'>praelatis</span> <span class='ocrx_word' id='word_1_147' title='bbox 453 3051 599 3113; x_wconf 88' lang='lat' dir='ltr'>delluunt</span> <span class='ocrx_word' id='word_1_148' title='bbox 611 3048 761 3113; x_wconf 90' lang='lat' dir='ltr'>vitiorum</span> <span class='ocrx_word' id='word_1_149' title='bbox 775 3050 854 3131; x_wconf 91' lang='lat' dir='ltr'>rivi,</span> 
     </span>
     <span class='ocr_line' id='line_1_25' title="bbox 255 3155 902 3238; baseline -0.005 -17"><span class='ocrx_word' id='word_1_150' title='bbox 255 3161 286 3221; x_wconf 92' lang='lat' dir='ltr'>et</span> <span class='ocrx_word' id='word_1_151' title='bbox 298 3163 405 3221; x_wconf 87' lang='lat' dir='ltr'>tamen</span> <span class='ocrx_word' id='word_1_152' title='bbox 417 3155 609 3238; x_wconf 91' lang='lat' dir='ltr'>pauperibus</span> <span class='ocrx_word' id='word_1_153' title='bbox 622 3155 805 3218; x_wconf 90' lang='lat' dir='ltr'>irascuntur</span> <span class='ocrx_word' id='word_1_154' title='bbox 818 3155 880 3219; x_wconf 92' lang='lat' dir='ltr'>divi</span> <span class='ocrx_word' id='word_1_155' title='bbox 894 3183 902 3237; x_wconf 78' lang='lat'><em>3</em></span> 
     </span>
    </p>

    <p class='ocr_par' dir='ltr' id='par_1_13' title="bbox 182 3259 1005 3450">
     <span class='ocr_line' id='line_1_26' title="bbox 182 3259 883 3352; baseline -0.001 -27"><span class='ocrx_word' id='word_1_156' title='bbox 182 3347 186 3352; x_wconf 22' lang='grc' dir='ltr'>Ι</span> <span class='ocrx_word' id='word_1_157' title='bbox 253 3263 401 3344; x_wconf 90' lang='lat' dir='ltr'>impletur</span> <span class='ocrx_word' id='word_1_158' title='bbox 413 3260 588 3326; x_wconf 87' lang='lat' dir='ltr'>versiculus</span> <span class='ocrx_word' id='word_1_159' title='bbox 602 3259 685 3322; x_wconf 86' lang='lat' dir='ltr'>illius</span> <span class='ocrx_word' id='word_1_160' title='bbox 696 3264 741 3336; x_wconf 82' lang='grc'>(9)</span> <span class='ocrx_word' id='word_1_161' title='bbox 753 3261 861 3324; x_wconf 89' lang='lat' dir='ltr'>lascivi</span> <span class='ocrx_word' id='word_1_162' title='bbox 876 3290 883 3323; x_wconf 72' lang='grc' dir='ltr'><em>ι</em></span> 
     </span>
     <span class='ocr_line' id='line_1_27' title="bbox 254 3368 1005 3450; baseline -0.001 -17"><span class='ocrx_word' id='word_1_163' title='bbox 254 3369 408 3450; x_wconf 89' lang='lat' dir='ltr'>quidquid</span> <span class='ocrx_word' id='word_1_164' title='bbox 422 3368 558 3431; x_wconf 90' lang='lat' dir='ltr'>delirant</span> <span class='ocrx_word' id='word_1_165' title='bbox 569 3384 677 3447; x_wconf 82' lang='lat' dir='ltr'>reges,</span> <span class='ocrx_word' id='word_1_166' title='bbox 690 3368 873 3446; x_wconf 89' lang='lat' dir='ltr'>plectuntur</span> <span class='ocrx_word' id='word_1_167' title='bbox 885 3368 1005 3432; x_wconf 87' lang='lat' dir='ltr'>Achivi.</span> 
     </span>
    </p>
   </div>
   <div class='ocr_carea' id='block_1_8' title="bbox 254 3499 995 3690">
    <p class='ocr_par' dir='ltr' id='par_1_14' title="bbox 254 3499 995 3690">
     <span class='ocr_line' id='line_1_28' title="bbox 254 3499 914 3580; baseline -0.005 -12"><span class='ocrx_word' id='word_1_168' title='bbox 254 3501 456 3568; x_wconf 89' lang='lat' dir='ltr'>Parrochiam</span> <span class='ocrx_word' id='word_1_169' title='bbox 468 3499 630 3565; x_wconf 92' lang='lat' dir='ltr'>contrahit</span> <span class='ocrx_word' id='word_1_170' title='bbox 641 3502 712 3580; x_wconf 82' lang='lat' dir='ltr'>lege</span> <span class='ocrx_word' id='word_1_171' title='bbox 723 3501 914 3565; x_wconf 90' lang='lat' dir='ltr'>matrimonii</span> 
     </span>
     <span class='ocr_line' id='line_1_29' title="bbox 254 3604 995 3690; baseline -0.003 -18"><span class='ocrx_word' id='word_1_172' title='bbox 254 3608 403 3672; x_wconf 85' lang='lat' dir='ltr'>sacerdos</span> <span class='ocrx_word' id='word_1_173' title='bbox 415 3626 435 3670; x_wconf 90' lang='lat' dir='ltr'>a</span> <span class='ocrx_word' id='word_1_174' title='bbox 448 3608 611 3688; x_wconf 89' lang='lat' dir='ltr'>praesule,</span> <span class='ocrx_word' id='word_1_175' title='bbox 626 3604 652 3668; x_wconf 92' lang='lat' dir='ltr'>si</span> <span class='ocrx_word' id='word_1_176' title='bbox 664 3606 785 3668; x_wconf 90' lang='lat' dir='ltr'>nummi</span> <span class='ocrx_word' id='word_1_177' title='bbox 800 3607 864 3669; x_wconf 90' lang='lat' dir='ltr'>sint</span> <span class='ocrx_word' id='word_1_178' title='bbox 876 3608 970 3671; x_wconf 91' lang='lat' dir='ltr'>medii</span> <span class='ocrx_word' id='word_1_179' title='bbox 987 3636 995 3690; x_wconf 79' lang='lat'><em>3</em></span> 
     </span>
    </p>
   </div>
   <div class='ocr_carea' id='block_1_9' title="bbox 153 3793 943 3853">
    <p class='ocr_par' dir='ltr' id='par_1_15' title="bbox 153 3793 943 3853">
     <span class='ocr_line' id='line_1_30' title="bbox 153 3793 943 3853; baseline 0.005 -17"><span class='ocrx_word' id='word_1_180' title='bbox 153 3793 178 3847; x_wconf 80' lang='lat' dir='ltr'>(l)</span> <span class='ocrx_word' id='word_1_181' title='bbox 190 3795 214 3840; x_wconf 85' lang='lat' dir='ltr'>P.</span> <span class='ocrx_word' id='word_1_182' title='bbox 226 3801 279 3843; x_wconf 67' lang='grc' dir='ltr'>(ὅδε</span> <span class='ocrx_word' id='word_1_183' title='bbox 718 3795 746 3849; x_wconf 77' lang='grc'>(5)</span> <span class='ocrx_word' id='word_1_184' title='bbox 761 3795 787 3838; x_wconf 86' lang='grc' dir='ltr'>Ρ.</span> <span class='ocrx_word' id='word_1_185' title='bbox 801 3800 854 3849; x_wconf 75' lang='grc' dir='ltr'>(55ς</span> <span class='ocrx_word' id='word_1_186' title='bbox 869 3797 943 3853; x_wconf 76' lang='lat' dir='ltr'>gulae.</span> 
     </span>
    </p>
   </div>
   <div class='ocr_carea' id='block_1_10' title="bbox 184 3865 969 3956">
    <p class='ocr_par' dir='ltr' id='par_1_16' title="bbox 184 3865 969 3956">
     <span class='ocr_line' id='line_1_31' title="bbox 184 3865 969 3923; baseline 0 -23"><span class='ocrx_word' id='word_1_187' title='bbox 184 3868 218 3901; x_wconf 77' lang='lat' dir='ltr'>lise</span> <span class='ocrx_word' id='word_1_188' title='bbox 226 3870 290 3903; x_wconf 79' lang='lat' dir='ltr'>melior</span> <span class='ocrx_word' id='word_1_189' title='bbox 298 3870 383 3911; x_wconf 80' lang='lat' dir='ltr'>pontifex</span> <span class='ocrx_word' id='word_1_190' title='bbox 393 3878 448 3910; x_wconf 76' lang='lat' dir='ltr'>qutun</span> <span class='ocrx_word' id='word_1_191' title='bbox 457 3867 575 3908; x_wconf 69' lang='lat' dir='ltr'>archilevita,</span> <span class='ocrx_word' id='word_1_192' title='bbox 718 3866 746 3923; x_wconf 76' lang='grc'>(6)</span> <span class='ocrx_word' id='word_1_193' title='bbox 760 3867 797 3910; x_wconf 75' lang='lat' dir='ltr'>Me</span> <span class='ocrx_word' id='word_1_194' title='bbox 811 3865 886 3910; x_wconf 73' lang='lat' dir='ltr'>[olium</span> <span class='ocrx_word' id='word_1_195' title='bbox 897 3868 969 3912; x_wconf 67' lang='lat' dir='ltr'>vobis,</span> 
     </span>
     <span class='ocr_line' id='line_1_32' title="bbox 184 3912 536 3956; baseline 0 -13"><span class='ocrx_word' id='word_1_196' title='bbox 184 3913 245 3946; x_wconf 74' lang='lat' dir='ltr'>vivens</span> <span class='ocrx_word' id='word_1_197' title='bbox 253 3915 357 3956; x_wconf 76' lang='lat' dir='ltr'>solitarius,</span> <span class='ocrx_word' id='word_1_198' title='bbox 367 3916 432 3948; x_wconf 69' lang='lat' dir='ltr'>manat</span> <span class='ocrx_word' id='word_1_199' title='bbox 440 3912 536 3946; x_wconf 78' lang='lat' dir='ltr'>horsmlta.</span> 
     </span>
    </p>
   </div>
   <div class='ocr_carea' id='block_1_11' title="bbox 150 3967 406 4168">
    <p class='ocr_par' dir='ltr' id='par_1_17' title="bbox 150 3967 406 4168">
     <span class='ocr_line' id='line_1_33' title="bbox 150 3967 291 4022; baseline -0.007 -6"><span class='ocrx_word' id='word_1_200' title='bbox 150 3967 174 4022; x_wconf 69' lang='lat' dir='ltr'>la)</span> <span class='ocrx_word' id='word_1_201' title='bbox 188 3968 291 4015; x_wconf 76' lang='lat' dir='ltr'>Coenam,</span> 
     </span>
     <span class='ocr_line' id='line_1_34' title="bbox 151 4037 406 4099; baseline -0.027 -7"><span class='ocrx_word' id='word_1_202' title='bbox 151 4037 176 4092; x_wconf 76' lang='lat' dir='ltr'>th</span> <span class='ocrx_word' id='word_1_203' title='bbox 188 4040 212 4085; x_wconf 84' lang='lat' dir='ltr'>P.</span> <span class='ocrx_word' id='word_1_204' title='bbox 224 4045 275 4099; x_wconf 62' lang='grc' dir='ltr'>(ὥς</span> <span class='ocrx_word' id='word_1_205' title='bbox 289 4042 321 4087; x_wconf 85' lang='lat' dir='ltr'>lul</span> <span class='ocrx_word' id='word_1_206' title='bbox 334 4041 406 4086; x_wconf 85' lang='lat' dir='ltr'>mulli.</span> 
     </span>
     <span class='ocr_line' id='line_1_35' title="bbox 153 4108 376 4168; baseline -0.022 -8"><span class='ocrx_word' id='word_1_207' title='bbox 153 4108 178 4162; x_wconf 82' lang='lat' dir='ltr'>l⁴l</span> <span class='ocrx_word' id='word_1_208' title='bbox 190 4110 214 4155; x_wconf 79' lang='lat' dir='ltr'>P.</span> <span class='ocrx_word' id='word_1_209' title='bbox 225 4116 276 4168; x_wconf 68' lang='lat'>1553</span> <span class='ocrx_word' id='word_1_210' title='bbox 291 4112 376 4157; x_wconf 86' lang='lat' dir='ltr'>mundi.</span> 
     </span>
    </p>
   </div>
   <div class='ocr_carea' id='block_1_12' title="bbox 716 3936 1226 4135">
    <p class='ocr_par' dir='ltr' id='par_1_18' title="bbox 716 3936 1226 4135">
     <span class='ocr_line' id='line_1_36' title="bbox 716 3936 949 3991; baseline 0 -11"><span class='ocrx_word' id='word_1_211' title='bbox 716 3937 744 3991; x_wconf 82' lang='grc'>(7)</span> <span class='ocrx_word' id='word_1_212' title='bbox 759 3936 786 3980; x_wconf 90' lang='lat' dir='ltr'>P.</span> <span class='ocrx_word' id='word_1_213' title='bbox 797 3941 851 3991; x_wconf 74' lang='lat'>¹613</span> <span class='ocrx_word' id='word_1_214' title='bbox 863 3937 949 3981; x_wconf 79' lang='lat' dir='ltr'>volunt.</span> 
     </span>
     <span class='ocr_line' id='line_1_37' title="bbox 716 4007 836 4064; baseline -0.008 -12"><span class='ocrx_word' id='word_1_215' title='bbox 716 4010 745 4064; x_wconf 83' lang='grc'>(8)</span> <span class='ocrx_word' id='word_1_216' title='bbox 759 4007 836 4051; x_wconf 86' lang='lat' dir='ltr'>Enim.</span> 
     </span>
     <span class='ocr_line' id='line_1_38' title="bbox 716 4078 1226 4135; baseline 0.01 -13"><span class='ocrx_word' id='word_1_217' title='bbox 716 4080 745 4135; x_wconf 82' lang='grc'>(9)</span> <span class='ocrx_word' id='word_1_218' title='bbox 759 4080 786 4123; x_wconf 85' lang='grc' dir='ltr'>Ρ.</span> <span class='ocrx_word' id='word_1_219' title='bbox 798 4083 853 4135; x_wconf 71' lang='lat'>45⁴3</span> <span class='ocrx_word' id='word_1_220' title='bbox 868 4079 901 4123; x_wconf 86' lang='lat' dir='ltr'>sie</span> <span class='ocrx_word' id='word_1_221' title='bbox 915 4078 1018 4134; x_wconf 82' lang='lat' dir='ltr'>impletur</span> <span class='ocrx_word' id='word_1_222' title='bbox 1032 4079 1111 4125; x_wconf 84' lang='lat' dir='ltr'>iterum</span> <span class='ocrx_word' id='word_1_223' title='bbox 1124 4094 1166 4127; x_wconf 81' lang='lat' dir='ltr'>vox</span> <span class='ocrx_word' id='word_1_224' title='bbox 1181 4082 1226 4129; x_wconf 83' lang='lat' dir='ltr'>illa.</span> 
     </span>
    </p>
   </div>
   <div class='ocr_carea' id='block_1_13' title="bbox 0 0 1578 5192">
    <p class='ocr_par' dir='ltr' id='par_1_19' title="bbox 0 0 1578 5192">
     <span class='ocr_line' id='line_1_39' title="bbox 0 0 1578 5192; baseline 0 0"><span class='ocrx_word' id='word_1_225' title='bbox 0 0 1578 5192; x_wconf 95' lang='lat' dir='ltr'> </span> 
     </span>
    </p>
   </div>
  </div>
 </body>
</html>
