<?xml version="1.0" encoding="UTF-8"?>
<!DOCTYPE html PUBLIC "-//W3C//DTD XHTML 1.0 Transitional//EN"
    "http://www.w3.org/TR/xhtml1/DTD/xhtml1-transitional.dtd">
<html xmlns="http://www.w3.org/1999/xhtml" xml:lang="en" lang="en">
 <head>
  <title>
</title>
<meta http-equiv="Content-Type" content="text/html;charset=utf-8" />
  <meta name='ocr-system' content='tesseract 3.04.00' />
  <meta name='ocr-capabilities' content='ocr_page ocr_carea ocr_par ocr_line ocrx_word'/>
</head>
<body>
  <div class='ocr_page' id='page_1' title='image "./posiespopulaire04mrgoog_0184.png"; bbox 0 0 3146 5192; ppageno 0'>
   <div class='ocr_carea' id='block_1_1' title="bbox 790 413 1077 469">
    <p class='ocr_par' dir='ltr' id='par_1_1' title="bbox 790 413 1077 469">
     <span class='ocr_line' id='line_1_1' title="bbox 790 413 1077 469; baseline 0.003 -1"><span class='ocrx_word' id='word_1_1' title='bbox 790 413 957 469; x_wconf 76' lang='lat'><strong>-168-</strong></span> <span class='ocrx_word' id='word_1_2' title='bbox 1074 462 1077 469; x_wconf 94' lang='grc'><em>,</em></span> 
     </span>
    </p>
   </div>
   <div class='ocr_carea' id='block_1_2' title="bbox 410 531 1133 936">
    <p class='ocr_par' dir='ltr' id='par_1_2' title="bbox 410 531 1133 936">
     <span class='ocr_line' id='line_1_2' title="bbox 411 531 1048 614; baseline 0.003 -21"><span class='ocrx_word' id='word_1_3' title='bbox 411 531 462 593; x_wconf 87' lang='lat' dir='ltr'><strong>Eis</strong></span> <span class='ocrx_word' id='word_1_4' title='bbox 473 532 592 594; x_wconf 90' lang='lat' dir='ltr'><strong>dautur</strong></span> <span class='ocrx_word' id='word_1_5' title='bbox 605 532 727 613; x_wconf 79' lang='lat' dir='ltr'><strong>omnia,</strong></span> <span class='ocrx_word' id='word_1_6' title='bbox 743 550 802 597; x_wconf 89' lang='lat' dir='ltr'><strong>uec</strong></span> <span class='ocrx_word' id='word_1_7' title='bbox 816 534 906 598; x_wconf 89' lang='lat' dir='ltr'><strong>deest</strong></span> <span class='ocrx_word' id='word_1_8' title='bbox 919 550 1048 614; x_wconf 78' lang='lat' dir='ltr'><strong>revera,</strong></span> 
     </span>
     <span class='ocr_line' id='line_1_3' title="bbox 410 637 1121 722; baseline 0.004 -23"><span class='ocrx_word' id='word_1_9' title='bbox 410 637 498 718; x_wconf 90' lang='lat' dir='ltr'><strong>quod</strong></span> <span class='ocrx_word' id='word_1_10' title='bbox 509 655 658 702; x_wconf 91' lang='lat' dir='ltr'><strong>mensura</strong></span> <span class='ocrx_word' id='word_1_11' title='bbox 669 639 774 703; x_wconf 91' lang='lat' dir='ltr'><strong>rarius</strong></span> <span class='ocrx_word' id='word_1_12' title='bbox 784 642 871 718; x_wconf 86' lang='lat' dir='ltr'><strong>(hoc)</strong></span> <span class='ocrx_word' id='word_1_13' title='bbox 883 641 968 722; x_wconf 85' lang='lat' dir='ltr'>capit</span> <span class='ocrx_word' id='word_1_14' title='bbox 980 643 1099 704; x_wconf 86' lang='lat' dir='ltr'><strong>statera</strong></span> <span class='ocrx_word' id='word_1_15' title='bbox 1113 667 1121 720; x_wconf 77' lang='lat'>3</span> 
     </span>
     <span class='ocr_line' id='line_1_4' title="bbox 410 746 1133 829; baseline 0.006 -23"><span class='ocrx_word' id='word_1_16' title='bbox 410 746 588 809; x_wconf 81' lang='lat' dir='ltr'><strong>saeculares</strong></span> <span class='ocrx_word' id='word_1_17' title='bbox 601 747 707 811; x_wconf 89' lang='lat' dir='ltr'><strong>clerici</strong></span> <span class='ocrx_word' id='word_1_18' title='bbox 720 751 797 810; x_wconf 89' lang='lat' dir='ltr'><strong>sunt</strong></span> <span class='ocrx_word' id='word_1_19' title='bbox 809 748 938 829; x_wconf 88' lang='lat' dir='ltr'><strong>quidem</strong></span> <span class='ocrx_word' id='word_1_20' title='bbox 951 748 1111 812; x_wconf 80' lang='lat' dir='ltr'><strong>chimaera</strong></span> <span class='ocrx_word' id='word_1_21' title='bbox 1124 773 1133 827; x_wconf 78' lang='lat'>3</span> 
     </span>
     <span class='ocr_line' id='line_1_5' title="bbox 410 850 1049 936; baseline 0.005 -24"><span class='ocrx_word' id='word_1_22' title='bbox 410 850 455 913; x_wconf 91' lang='lat' dir='ltr'><strong>sic</strong></span> <span class='ocrx_word' id='word_1_23' title='bbox 467 852 620 932; x_wconf 84' lang='lat' dir='ltr'>rependet</span> <span class='ocrx_word' id='word_1_24' title='bbox 633 853 749 934; x_wconf 79' lang='lat' dir='ltr'><strong>hospiti</strong></span> <span class='ocrx_word' id='word_1_25' title='bbox 763 873 822 918; x_wconf 91' lang='lat' dir='ltr'><strong>suo</strong></span> <span class='ocrx_word' id='word_1_26' title='bbox 832 873 905 918; x_wconf 91' lang='lat' dir='ltr'><strong>mus</strong></span> <span class='ocrx_word' id='word_1_27' title='bbox 918 855 952 918; x_wconf 95' lang='lat' dir='ltr'><strong>in</strong></span> <span class='ocrx_word' id='word_1_28' title='bbox 963 872 1049 936; x_wconf 73' lang='lat' dir='ltr'><strong>pera,</strong></span> 
     </span>
    </p>
   </div>
   <div class='ocr_carea' id='block_1_3' title="bbox 408 989 1093 1284">
    <p class='ocr_par' dir='ltr' id='par_1_3' title="bbox 408 989 1093 1284">
     <span class='ocr_line' id='line_1_6' title="bbox 409 989 1058 1068; baseline 0 -17"><span class='ocrx_word' id='word_1_29' title='bbox 409 989 512 1053; x_wconf 83' lang='lat' dir='ltr'><strong>Crevit</strong></span> <span class='ocrx_word' id='word_1_30' title='bbox 523 990 606 1053; x_wconf 86' lang='lat' dir='ltr'><strong>iuter</strong></span> <span class='ocrx_word' id='word_1_31' title='bbox 619 989 747 1053; x_wconf 83' lang='lat' dir='ltr'>ordines</span> <span class='ocrx_word' id='word_1_32' title='bbox 760 993 905 1052; x_wconf 83' lang='lat' dir='ltr'><strong>Fratrum</strong></span> <span class='ocrx_word' id='word_1_33' title='bbox 918 989 1058 1068; x_wconf 82' lang='lat' dir='ltr'><strong>zizania,</strong></span> 
     </span>
     <span class='ocr_line' id='line_1_7' title="bbox 408 1096 1029 1177; baseline 0.002 -18"><span class='ocrx_word' id='word_1_34' title='bbox 408 1115 471 1177; x_wconf 90' lang='lat' dir='ltr'><strong>qua</strong></span> <span class='ocrx_word' id='word_1_35' title='bbox 484 1098 601 1160; x_wconf 83' lang='lat' dir='ltr'><strong>Rachel</strong></span> <span class='ocrx_word' id='word_1_36' title='bbox 614 1096 765 1177; x_wconf 76' lang='lat' dir='ltr'><strong>inlicitur,</strong></span> <span class='ocrx_word' id='word_1_37' title='bbox 781 1096 934 1177; x_wconf 84' lang='lat' dir='ltr'><strong>latigatur</strong></span> <span class='ocrx_word' id='word_1_38' title='bbox 945 1101 1009 1177; x_wconf 77' lang='lat' dir='ltr'><strong>Lya</strong></span> <span class='ocrx_word' id='word_1_39' title='bbox 1021 1123 1029 1177; x_wconf 82' lang='lat'>3</span> 
     </span>
     <span class='ocr_line' id='line_1_8' title="bbox 408 1202 1093 1284; baseline 0 -20"><span class='ocrx_word' id='word_1_40' title='bbox 408 1206 536 1282; x_wconf 91' lang='lat' dir='ltr'><strong>propter</strong></span> <span class='ocrx_word' id='word_1_41' title='bbox 549 1202 634 1284; x_wconf 92' lang='lat' dir='ltr'><strong>ipsos</strong></span> <span class='ocrx_word' id='word_1_42' title='bbox 647 1204 800 1266; x_wconf 91' lang='lat' dir='ltr'><strong>deserunt</strong></span> <span class='ocrx_word' id='word_1_43' title='bbox 812 1220 923 1266; x_wconf 90' lang='lat' dir='ltr'><strong>omues</strong></span> <span class='ocrx_word' id='word_1_44' title='bbox 935 1204 1006 1266; x_wconf 93' lang='lat' dir='ltr'><strong>loca</strong></span> <span class='ocrx_word' id='word_1_45' title='bbox 1018 1202 1070 1282; x_wconf 93' lang='lat' dir='ltr'><strong>pia</strong></span> <span class='ocrx_word' id='word_1_46' title='bbox 1085 1250 1093 1282; x_wconf 88' lang='lat'>,</span> 
     </span>
    </p>
   </div>
   <div class='ocr_carea' id='block_1_4' title="bbox 289 1307 1049 1390">
    <p class='ocr_par' dir='ltr' id='par_1_4' title="bbox 289 1307 1049 1390">
     <span class='ocr_line' id='line_1_9' title="bbox 289 1307 1049 1390; baseline 0.003 -22"><span class='ocrx_word' id='word_1_47' title='bbox 289 1331 294 1338; x_wconf 95' lang='lat'><em>·</em></span> <span class='ocrx_word' id='word_1_48' title='bbox 409 1311 441 1369; x_wconf 90' lang='lat' dir='ltr'><strong>et</strong></span> <span class='ocrx_word' id='word_1_49' title='bbox 454 1308 618 1371; x_wconf 90' lang='lat' dir='ltr'><strong>dimittunt</strong></span> <span class='ocrx_word' id='word_1_50' title='bbox 635 1326 789 1390; x_wconf 83' lang='lat' dir='ltr'><strong>pauperes</strong></span> <span class='ocrx_word' id='word_1_51' title='bbox 798 1311 927 1390; x_wconf 84' lang='lat' dir='ltr'><strong>jejunos</strong></span> <span class='ocrx_word' id='word_1_52' title='bbox 940 1308 974 1370; x_wconf 94' lang='lat' dir='ltr'><strong>in</strong></span> <span class='ocrx_word' id='word_1_53' title='bbox 987 1307 1049 1372; x_wconf 87' lang='lat' dir='ltr'><strong>via.</strong></span> 
     </span>
    </p>
   </div>
   <div class='ocr_carea' id='block_1_5' title="bbox 324 1440 1246 1849">
    <p class='ocr_par' dir='ltr' id='par_1_5' title="bbox 407 1440 1145 1522">
     <span class='ocr_line' id='line_1_10' title="bbox 407 1440 1145 1522; baseline -0.001 -19"><span class='ocrx_word' id='word_1_54' title='bbox 407 1445 548 1521; x_wconf 81' lang='lat' dir='ltr'><strong>Cumque</strong></span> <span class='ocrx_word' id='word_1_55' title='bbox 561 1441 772 1522; x_wconf 88' lang='lat' dir='ltr'><strong>poenitentias</strong></span> <span class='ocrx_word' id='word_1_56' title='bbox 785 1441 939 1505; x_wconf 80' lang='lat' dir='ltr'><strong>confessis</strong></span> <span class='ocrx_word' id='word_1_57' title='bbox 953 1440 1145 1522; x_wconf 77' lang='lat' dir='ltr'><strong>injungunt,</strong></span> 
     </span>
    </p>

    <p class='ocr_par' dir='ltr' id='par_1_6' title="bbox 324 1548 1246 1849">
     <span class='ocr_line' id='line_1_11' title="bbox 324 1548 1177 1629; baseline 0.004 -20"><span class='ocrx_word' id='word_1_58' title='bbox 324 1581 328 1588; x_wconf 87' lang='lat'><strong>·</strong></span> <span class='ocrx_word' id='word_1_59' title='bbox 407 1564 489 1627; x_wconf 90' lang='lat' dir='ltr'><strong>quos</strong></span> <span class='ocrx_word' id='word_1_60' title='bbox 500 1548 677 1624; x_wconf 87' lang='lat' dir='ltr'><strong>dehe(re)nt</strong></span> <span class='ocrx_word' id='word_1_61' title='bbox 689 1565 832 1629; x_wconf 81' lang='lat' dir='ltr'><strong>pungere</strong></span> <span class='ocrx_word' id='word_1_62' title='bbox 846 1548 1014 1611; x_wconf 78' lang='lat' dir='ltr'><strong>adulantes</strong></span> <span class='ocrx_word' id='word_1_63' title='bbox 1027 1552 1177 1629; x_wconf 27' lang='lat' dir='ltr'><strong>ungunt-,s</strong></span> 
     </span>
     <span class='ocr_line' id='line_1_12' title="bbox 407 1653 1184 1734; baseline 0.001 -19"><span class='ocrx_word' id='word_1_64' title='bbox 407 1670 488 1732; x_wconf 87' lang='lat' dir='ltr'><strong>quos</strong></span> <span class='ocrx_word' id='word_1_65' title='bbox 501 1653 652 1716; x_wconf 90' lang='lat' dir='ltr'><strong>deberent</strong></span> <span class='ocrx_word' id='word_1_66' title='bbox 665 1671 786 1734; x_wconf 80' lang='lat' dir='ltr'><strong>ungere</strong></span> <span class='ocrx_word' id='word_1_67' title='bbox 800 1653 1000 1734; x_wconf 83' lang='lat' dir='ltr'><strong>increpantes</strong></span> <span class='ocrx_word' id='word_1_68' title='bbox 1014 1657 1184 1734; x_wconf 72' lang='lat' dir='ltr'><strong>pungunt,</strong></span> 
     </span>
     <span class='ocr_line' id='line_1_13' title="bbox 408 1759 1246 1849; baseline 0.002 -28"><span class='ocrx_word' id='word_1_69' title='bbox 408 1763 457 1842; x_wconf 85' lang='lat' dir='ltr'><strong>et,</strong></span> <span class='ocrx_word' id='word_1_70' title='bbox 473 1779 547 1823; x_wconf 89' lang='lat' dir='ltr'><strong>curn</strong></span> <span class='ocrx_word' id='word_1_71' title='bbox 559 1764 711 1842; x_wconf 85' lang='lat' dir='ltr'><strong>possunt,</strong></span> <span class='ocrx_word' id='word_1_72' title='bbox 726 1761 844 1842; x_wconf 89' lang='lat' dir='ltr'><strong>aliquid</strong></span> <span class='ocrx_word' id='word_1_73' title='bbox 858 1759 956 1823; x_wconf 88' lang='lat' dir='ltr'><strong>abeis</strong></span> <span class='ocrx_word' id='word_1_74' title='bbox 969 1765 1157 1841; x_wconf 84' lang='lat' dir='ltr'><strong>emungunt.</strong></span> <span class='ocrx_word' id='word_1_75' title='bbox 1244 1844 1246 1849; x_wconf 23' lang='grc' dir='ltr'>Ι</span> 
     </span>
    </p>
   </div>
   <div class='ocr_carea' id='block_1_6' title="bbox 407 1902 1097 2307">
    <p class='ocr_par' dir='ltr' id='par_1_7' title="bbox 408 1902 993 1984">
     <span class='ocr_line' id='line_1_14' title="bbox 408 1902 993 1984; baseline -0.002 -18"><span class='ocrx_word' id='word_1_76' title='bbox 408 1902 470 1966; x_wconf 88' lang='lat' dir='ltr'><strong>Sed</strong></span> <span class='ocrx_word' id='word_1_77' title='bbox 483 1902 509 1965; x_wconf 93' lang='lat' dir='ltr'><strong>si</strong></span> <span class='ocrx_word' id='word_1_78' title='bbox 523 1903 718 1984; x_wconf 85' lang='lat' dir='ltr'><strong>poenitentia</strong></span> <span class='ocrx_word' id='word_1_79' title='bbox 731 1902 773 1966; x_wconf 92' lang='lat' dir='ltr'><strong>sit</strong></span> <span class='ocrx_word' id='word_1_80' title='bbox 786 1902 902 1984; x_wconf 87' lang='lat' dir='ltr'><strong>cuique</strong></span> <span class='ocrx_word' id='word_1_81' title='bbox 918 1904 993 1966; x_wconf 88' lang='lat' dir='ltr'><strong>data</strong></span> 
     </span>
    </p>

    <p class='ocr_par' dir='ltr' id='par_1_8' title="bbox 407 2010 1097 2307">
     <span class='ocr_line' id='line_1_15' title="bbox 408 2010 1084 2092; baseline 0.004 -21"><span class='ocrx_word' id='word_1_82' title='bbox 408 2027 426 2070; x_wconf 92' lang='lat' dir='ltr'><strong>a</strong></span> <span class='ocrx_word' id='word_1_83' title='bbox 440 2026 499 2072; x_wconf 92' lang='lat' dir='ltr'><strong>suo</strong></span> <span class='ocrx_word' id='word_1_84' title='bbox 510 2011 713 2092; x_wconf 84' lang='lat' dir='ltr'><strong>presbytero,</strong></span> <span class='ocrx_word' id='word_1_85' title='bbox 729 2010 816 2091; x_wconf 91' lang='lat' dir='ltr'><strong>quod</strong></span> <span class='ocrx_word' id='word_1_86' title='bbox 830 2011 945 2073; x_wconf 88' lang='lat' dir='ltr'><strong>reddat</strong></span> <span class='ocrx_word' id='word_1_87' title='bbox 956 2012 1062 2074; x_wconf 88' lang='lat' dir='ltr'><strong>ahlata</strong></span> <span class='ocrx_word' id='word_1_88' title='bbox 1071 2060 1084 2090; x_wconf 82' lang='lat'><strong>‚.</strong></span> 
     </span>
     <span class='ocr_line' id='line_1_16' title="bbox 407 2117 1097 2199; baseline 0.006 -22"><span class='ocrx_word' id='word_1_89' title='bbox 407 2120 531 2180; x_wconf 78' lang='lat' dir='ltr'><strong>Fratres</strong></span> <span class='ocrx_word' id='word_1_90' title='bbox 542 2117 768 2198; x_wconf 88' lang='lat' dir='ltr'><strong>poenitentiam</strong></span> <span class='ocrx_word' id='word_1_91' title='bbox 779 2120 891 2180; x_wconf 83' lang='lat' dir='ltr'><strong>laxant</strong></span> <span class='ocrx_word' id='word_1_92' title='bbox 903 2121 935 2180; x_wconf 93' lang='lat' dir='ltr'><strong>et</strong></span> <span class='ocrx_word' id='word_1_93' title='bbox 948 2120 1097 2199; x_wconf 83' lang='lat' dir='ltr'><strong>peccata,</strong></span> 
     </span>
     <span class='ocr_line' id='line_1_17' title="bbox 409 2222 971 2307; baseline 0 -23"><span class='ocrx_word' id='word_1_94' title='bbox 409 2222 582 2289; x_wconf 89' lang='lat' dir='ltr'><strong>dummodo</strong></span> <span class='ocrx_word' id='word_1_95' title='bbox 595 2224 729 2307; x_wconf 87' lang='lat' dir='ltr'><strong>pecunia</strong></span> <span class='ocrx_word' id='word_1_96' title='bbox 741 2223 782 2287; x_wconf 91' lang='lat' dir='ltr'><strong>sit</strong></span> <span class='ocrx_word' id='word_1_97' title='bbox 795 2223 841 2286; x_wconf 90' lang='lat' dir='ltr'><strong>eis</strong></span> <span class='ocrx_word' id='word_1_98' title='bbox 854 2224 971 2287; x_wconf 89' lang='lat' dir='ltr'><strong>oblata.</strong></span> 
     </span>
    </p>
   </div>
   <div class='ocr_carea' id='block_1_7' title="bbox 394 2365 1205 2765">
    <p class='ocr_par' dir='ltr' id='par_1_9' title="bbox 394 2365 1205 2765">
     <span class='ocr_line' id='line_1_18' title="bbox 407 2365 1192 2443; baseline 0 -17"><span class='ocrx_word' id='word_1_99' title='bbox 407 2369 485 2426; x_wconf 89' lang='lat' dir='ltr'><strong>Nam</strong></span> <span class='ocrx_word' id='word_1_100' title='bbox 499 2365 545 2428; x_wconf 92' lang='lat' dir='ltr'><strong>sic</strong></span> <span class='ocrx_word' id='word_1_101' title='bbox 559 2366 683 2430; x_wconf 90' lang='lat' dir='ltr'><strong>restitui</strong></span> <span class='ocrx_word' id='word_1_102' title='bbox 697 2368 731 2443; x_wconf 88' lang='lat' dir='ltr'><strong>(l.</strong></span> <span class='ocrx_word' id='word_1_103' title='bbox 743 2366 923 2443; x_wconf 88' lang='lat' dir='ltr'><strong>restituere)</strong></span> <span class='ocrx_word' id='word_1_104' title='bbox 937 2365 1060 2430; x_wconf 83' lang='lat' dir='ltr'><strong>iaciunt</strong></span> <span class='ocrx_word' id='word_1_105' title='bbox 1073 2382 1192 2428; x_wconf 88' lang='lat' dir='ltr'><strong>usuras</strong></span> 
     </span>
     <span class='ocr_line' id='line_1_19' title="bbox 408 2471 1152 2554; baseline 0.001 -21"><span class='ocrx_word' id='word_1_106' title='bbox 408 2473 441 2533; x_wconf 92' lang='lat' dir='ltr'><strong>et</strong></span> <span class='ocrx_word' id='word_1_107' title='bbox 451 2471 485 2534; x_wconf 95' lang='lat' dir='ltr'><strong>id</strong></span> <span class='ocrx_word' id='word_1_108' title='bbox 495 2472 583 2551; x_wconf 89' lang='lat' dir='ltr'><strong>quod</strong></span> <span class='ocrx_word' id='word_1_109' title='bbox 595 2473 771 2554; x_wconf 86' lang='lat' dir='ltr'><strong>acquiritur</strong></span> <span class='ocrx_word' id='word_1_110' title='bbox 784 2491 841 2554; x_wconf 89' lang='lat' dir='ltr'><strong>per</strong></span> <span class='ocrx_word' id='word_1_111' title='bbox 854 2475 951 2536; x_wconf 87' lang='lat' dir='ltr'><strong>falsas</strong></span> <span class='ocrx_word' id='word_1_112' title='bbox 964 2489 1132 2535; x_wconf 90' lang='lat' dir='ltr'><strong>mensuras</strong></span> <span class='ocrx_word' id='word_1_113' title='bbox 1144 2497 1152 2552; x_wconf 79' lang='lat'><em>3</em></span> 
     </span>
     <span class='ocr_line' id='line_1_20' title="bbox 409 2577 1132 2661; baseline 0 -21"><span class='ocrx_word' id='word_1_114' title='bbox 409 2578 483 2640; x_wconf 90' lang='lat' dir='ltr'><strong>iude</strong></span> <span class='ocrx_word' id='word_1_115' title='bbox 496 2577 592 2641; x_wconf 88' lang='lat' dir='ltr'><strong>libros</strong></span> <span class='ocrx_word' id='word_1_116' title='bbox 606 2577 728 2642; x_wconf 88' lang='lat' dir='ltr'><strong>faciunt</strong></span> <span class='ocrx_word' id='word_1_117' title='bbox 740 2584 773 2643; x_wconf 90' lang='lat' dir='ltr'><strong>et</strong></span> <span class='ocrx_word' id='word_1_118' title='bbox 786 2597 922 2661; x_wconf 81' lang='lat' dir='ltr'><strong>magnas</strong></span> <span class='ocrx_word' id='word_1_119' title='bbox 933 2583 1111 2642; x_wconf 87' lang='lat' dir='ltr'><strong>structuras</strong></span> <span class='ocrx_word' id='word_1_120' title='bbox 1124 2627 1132 2659; x_wconf 84' lang='lat'>,</span> 
     </span>
     <span class='ocr_line' id='line_1_21' title="bbox 394 2684 1205 2765; baseline -0.011 -12"><span class='ocrx_word' id='word_1_121' title='bbox 394 2684 465 2753; x_wconf 77' lang='lat' dir='ltr'><strong>‚sed</strong></span> <span class='ocrx_word' id='word_1_122' title='bbox 476 2688 605 2765; x_wconf 92' lang='lat' dir='ltr'><strong>propter</strong></span> <span class='ocrx_word' id='word_1_123' title='bbox 617 2686 679 2748; x_wconf 91' lang='lat' dir='ltr'><strong>hoc</strong></span> <span class='ocrx_word' id='word_1_124' title='bbox 693 2685 818 2749; x_wconf 90' lang='lat' dir='ltr'><strong>animae</strong></span> <span class='ocrx_word' id='word_1_125' title='bbox 830 2704 895 2749; x_wconf 92' lang='lat' dir='ltr'><strong>non</strong></span> <span class='ocrx_word' id='word_1_126' title='bbox 907 2688 1023 2748; x_wconf 91' lang='lat' dir='ltr'><strong>sanant</strong></span> <span class='ocrx_word' id='word_1_127' title='bbox 1036 2684 1205 2748; x_wconf 62' lang='lat' dir='ltr'><strong>scissuras,</strong></span> 
     </span>
    </p>
   </div>
   <div class='ocr_carea' id='block_1_8' title="bbox 407 2826 1189 3228">
    <p class='ocr_par' dir='ltr' id='par_1_10' title="bbox 407 2826 1189 3228">
     <span class='ocr_line' id='line_1_22' title="bbox 410 2826 1147 2907; baseline 0.003 -20"><span class='ocrx_word' id='word_1_128' title='bbox 410 2829 482 2887; x_wconf 79' lang='lat' dir='ltr'><strong>Erat</strong></span> <span class='ocrx_word' id='word_1_129' title='bbox 495 2826 612 2889; x_wconf 90' lang='lat' dir='ltr'><strong>nostris</strong></span> <span class='ocrx_word' id='word_1_130' title='bbox 624 2828 766 2907; x_wconf 88' lang='lat' dir='ltr'><strong>partibus</strong></span> <span class='ocrx_word' id='word_1_131' title='bbox 781 2828 828 2892; x_wconf 90' lang='lat' dir='ltr'><strong>vir</strong></span> <span class='ocrx_word' id='word_1_132' title='bbox 842 2845 996 2891; x_wconf 80' lang='lat' dir='ltr'><strong>exercens</strong></span> <span class='ocrx_word' id='word_1_133' title='bbox 1011 2829 1147 2906; x_wconf 81' lang='lat' dir='ltr'><strong>foenus3</strong></span> 
     </span>
     <span class='ocr_line' id='line_1_23' title="bbox 407 2932 1189 3021; baseline -0.001 -26"><span class='ocrx_word' id='word_1_134' title='bbox 407 2932 456 2995; x_wconf 93' lang='lat' dir='ltr'><strong>vir</strong></span> <span class='ocrx_word' id='word_1_135' title='bbox 465 2951 618 3015; x_wconf 84' lang='lat' dir='ltr'><strong>nequam,</strong></span> <span class='ocrx_word' id='word_1_136' title='bbox 634 2935 682 2999; x_wconf 89' lang='lat' dir='ltr'><strong>vir</strong></span> <span class='ocrx_word' id='word_1_137' title='bbox 692 2935 808 3017; x_wconf 85' lang='lat' dir='ltr'><strong>Belial,</strong></span> <span class='ocrx_word' id='word_1_138' title='bbox 823 2934 871 2999; x_wconf 87' lang='lat' dir='ltr'><strong>vir</strong></span> <span class='ocrx_word' id='word_1_139' title='bbox 884 2934 979 2998; x_wconf 92' lang='lat' dir='ltr'><strong>nimis</strong></span> <span class='ocrx_word' id='word_1_140' title='bbox 992 2936 1189 3021; x_wconf 80' lang='lat' dir='ltr'><strong>obscoenus,</strong></span> 
     </span>
     <span class='ocr_line' id='line_1_24' title="bbox 407 3039 1134 3123; baseline 0.001 -23"><span class='ocrx_word' id='word_1_141' title='bbox 407 3043 569 3102; x_wconf 87' lang='lat' dir='ltr'><strong>monetam</strong></span> <span class='ocrx_word' id='word_1_142' title='bbox 583 3040 755 3104; x_wconf 89' lang='lat' dir='ltr'><strong>falsificans</strong></span> <span class='ocrx_word' id='word_1_143' title='bbox 768 3041 884 3104; x_wconf 92' lang='lat' dir='ltr'><strong>summi</strong></span> <span class='ocrx_word' id='word_1_144' title='bbox 899 3039 1005 3123; x_wconf 79' lang='lat' dir='ltr'><strong>regis,</strong></span> <span class='ocrx_word' id='word_1_145' title='bbox 1021 3040 1134 3121; x_wconf 90' lang='lat' dir='ltr'><strong>plenus</strong></span> 
     </span>
     <span class='ocr_line' id='line_1_25' title="bbox 407 3147 1090 3228; baseline -0.001 -19"><span class='ocrx_word' id='word_1_146' title='bbox 407 3147 493 3209; x_wconf 91' lang='lat' dir='ltr'><strong>omni</strong></span> <span class='ocrx_word' id='word_1_147' title='bbox 507 3149 593 3228; x_wconf 85' lang='lat' dir='ltr'><strong>labe,</strong></span> <span class='ocrx_word' id='word_1_148' title='bbox 608 3165 761 3228; x_wconf 88' lang='lat' dir='ltr'><strong>respuens</strong></span> <span class='ocrx_word' id='word_1_149' title='bbox 776 3147 963 3211; x_wconf 83' lang='lat' dir='ltr'><strong>femininum</strong></span> <span class='ocrx_word' id='word_1_150' title='bbox 979 3164 1090 3228; x_wconf 85' lang='lat' dir='ltr'><strong>genus.</strong></span> 
     </span>
    </p>
   </div>
   <div class='ocr_carea' id='block_1_9' title="bbox 405 3288 1219 3690">
    <p class='ocr_par' dir='ltr' id='par_1_11' title="bbox 406 3288 1131 3479">
     <span class='ocr_line' id='line_1_26' title="bbox 407 3288 1131 3371; baseline -0.006 -18"><span class='ocrx_word' id='word_1_151' title='bbox 407 3291 462 3353; x_wconf 89' lang='lat' dir='ltr'><strong>llic</strong></span> <span class='ocrx_word' id='word_1_152' title='bbox 474 3308 598 3371; x_wconf 90' lang='lat' dir='ltr'><strong>semper</strong></span> <span class='ocrx_word' id='word_1_153' title='bbox 611 3291 786 3355; x_wconf 88' lang='lat' dir='ltr'><strong>discordias</strong></span> <span class='ocrx_word' id='word_1_154' title='bbox 800 3290 883 3354; x_wconf 89' lang='lat' dir='ltr'><strong>inter</strong></span> <span class='ocrx_word' id='word_1_155' title='bbox 895 3294 1019 3352; x_wconf 82' lang='lat' dir='ltr'><strong>Fratres</strong></span> <span class='ocrx_word' id='word_1_156' title='bbox 1031 3288 1112 3354; x_wconf 90' lang='lat' dir='ltr'><strong>sevit</strong></span> <span class='ocrx_word' id='word_1_157' title='bbox 1123 3315 1131 3370; x_wconf 78' lang='lat'><em>3</em></span> 
     </span>
     <span class='ocr_line' id='line_1_27' title="bbox 406 3395 1110 3479; baseline -0.004 -19"><span class='ocrx_word' id='word_1_158' title='bbox 406 3398 460 3461; x_wconf 88' lang='lat' dir='ltr'><strong>Dei</strong></span> <span class='ocrx_word' id='word_1_159' title='bbox 472 3402 505 3461; x_wconf 92' lang='lat' dir='ltr'><strong>et</strong></span> <span class='ocrx_word' id='word_1_160' title='bbox 518 3398 677 3462; x_wconf 85' lang='lat' dir='ltr'><strong>Ecclesiae</strong></span> <span class='ocrx_word' id='word_1_161' title='bbox 690 3401 781 3479; x_wconf 89' lang='lat' dir='ltr'><strong>jussa</strong></span> <span class='ocrx_word' id='word_1_162' title='bbox 792 3415 917 3478; x_wconf 90' lang='lat' dir='ltr'><strong>semper</strong></span> <span class='ocrx_word' id='word_1_163' title='bbox 929 3395 1110 3476; x_wconf 74' lang='lat' dir='ltr'><strong>[e]sprevit;</strong></span> 
     </span>
    </p>

    <p class='ocr_par' dir='ltr' id='par_1_12' title="bbox 405 3503 1219 3690">
     <span class='ocr_line' id='line_1_28' title="bbox 405 3503 1219 3588; baseline -0.005 -20"><span class='ocrx_word' id='word_1_164' title='bbox 405 3507 514 3588; x_wconf 86' lang='lat' dir='ltr'><strong>furtis,</strong></span> <span class='ocrx_word' id='word_1_165' title='bbox 529 3506 708 3570; x_wconf 88' lang='lat' dir='ltr'><strong>homicidiis</strong></span> <span class='ocrx_word' id='word_1_166' title='bbox 720 3510 753 3568; x_wconf 90' lang='lat' dir='ltr'><strong>ct</strong></span> <span class='ocrx_word' id='word_1_167' title='bbox 766 3504 885 3586; x_wconf 89' lang='lat' dir='ltr'><strong>rapinis</strong></span> <span class='ocrx_word' id='word_1_168' title='bbox 898 3504 1002 3567; x_wconf 92' lang='lat' dir='ltr'><strong>haesit</strong></span> <span class='ocrx_word' id='word_1_169' title='bbox 1015 3505 1049 3580; x_wconf 87' lang='lat' dir='ltr'><strong>(l.</strong></span> <span class='ocrx_word' id='word_1_170' title='bbox 1061 3503 1162 3567; x_wconf 88' lang='lat' dir='ltr'><strong>crevit</strong></span> <span class='ocrx_word' id='word_1_171' title='bbox 1171 3506 1219 3581; x_wconf 55' lang='lat' dir='ltr'><strong>?)s</strong></span> 
     </span>
     <span class='ocr_line' id='line_1_29' title="bbox 406 3609 1031 3690; baseline -0.005 -17"><span class='ocrx_word' id='word_1_172' title='bbox 406 3615 438 3673; x_wconf 91' lang='lat' dir='ltr'><strong>et</strong></span> <span class='ocrx_word' id='word_1_173' title='bbox 451 3612 582 3674; x_wconf 87' lang='lat' dir='ltr'><strong>domurn</strong></span> <span class='ocrx_word' id='word_1_174' title='bbox 596 3611 705 3676; x_wconf 90' lang='lat' dir='ltr'><strong>illicito</strong></span> <span class='ocrx_word' id='word_1_175' title='bbox 720 3613 873 3673; x_wconf 91' lang='lat' dir='ltr'><strong>thesauro</strong></span> <span class='ocrx_word' id='word_1_176' title='bbox 888 3609 1031 3690; x_wconf 88' lang='lat' dir='ltr'><strong>replevit.</strong></span> 
     </span>
    </p>
   </div>
   <div class='ocr_carea' id='block_1_10' title="bbox 403 3751 1118 4153">
    <p class='ocr_par' dir='ltr' id='par_1_13' title="bbox 403 3751 1118 4153">
     <span class='ocr_line' id='line_1_30' title="bbox 404 3751 1099 3835; baseline -0.006 -18"><span class='ocrx_word' id='word_1_177' title='bbox 404 3754 461 3818; x_wconf 90' lang='lat' dir='ltr'><strong>llic</strong></span> <span class='ocrx_word' id='word_1_178' title='bbox 473 3755 620 3817; x_wconf 88' lang='lat' dir='ltr'><strong>mittebat</strong></span> <span class='ocrx_word' id='word_1_179' title='bbox 632 3754 808 3835; x_wconf 80' lang='lat' dir='ltr'><strong>Fratribus,</strong></span> <span class='ocrx_word' id='word_1_180' title='bbox 829 3754 908 3815; x_wconf 89' lang='lat' dir='ltr'><strong>hora</strong></span> <span class='ocrx_word' id='word_1_181' title='bbox 924 3751 1099 3830; x_wconf 80' lang='lat' dir='ltr'><strong>matutina,</strong></span> 
     </span>
     <span class='ocr_line' id='line_1_31' title="bbox 404 3858 1014 3945; baseline -0.01 -19"><span class='ocrx_word' id='word_1_182' title='bbox 404 3881 484 3945; x_wconf 85' lang='lat' dir='ltr'><strong>ova,</strong></span> <span class='ocrx_word' id='word_1_183' title='bbox 500 3862 619 3944; x_wconf 78' lang='lat' dir='ltr'><strong>pisceS,</strong></span> <span class='ocrx_word' id='word_1_184' title='bbox 633 3879 762 3942; x_wconf 81' lang='lat' dir='ltr'><strong>caseos,</strong></span> <span class='ocrx_word' id='word_1_185' title='bbox 777 3860 910 3924; x_wconf 92' lang='lat' dir='ltr'><strong>meliora</strong></span> <span class='ocrx_word' id='word_1_186' title='bbox 922 3858 1014 3939; x_wconf 75' lang='lat' dir='ltr'><strong>vina,</strong></span> 
     </span>
     <span class='ocr_line' id='line_1_32' title="bbox 403 3964 1090 4050; baseline -0.009 -19"><span class='ocrx_word' id='word_1_187' title='bbox 403 3969 563 4050; x_wconf 78' lang='lat' dir='ltr'><strong>pastillos,</strong></span> <span class='ocrx_word' id='word_1_188' title='bbox 579 3972 635 4045; x_wconf 88' lang='lat' dir='ltr'><strong>[et]</strong></span> <span class='ocrx_word' id='word_1_189' title='bbox 650 3973 812 4031; x_wconf 91' lang='lat' dir='ltr'><strong>artocreas</strong></span> <span class='ocrx_word' id='word_1_190' title='bbox 824 3985 864 4029; x_wconf 85' lang='lat' dir='ltr'><strong>ex</strong></span> <span class='ocrx_word' id='word_1_191' title='bbox 878 3968 947 4045; x_wconf 88' lang='lat' dir='ltr'><strong>ejus</strong></span> <span class='ocrx_word' id='word_1_192' title='bbox 959 3964 1090 4045; x_wconf 79' lang='lat' dir='ltr'><strong>rapina3</strong></span> 
     </span>
     <span class='ocr_line' id='line_1_33' title="bbox 403 4069 1118 4153; baseline -0.008 -19"><span class='ocrx_word' id='word_1_193' title='bbox 403 4077 471 4136; x_wconf 92' lang='lat' dir='ltr'><strong>erat</strong></span> <span class='ocrx_word' id='word_1_194' title='bbox 484 4079 629 4137; x_wconf 74' lang='lat' dir='ltr'><strong>Fratrum</strong></span> <span class='ocrx_word' id='word_1_195' title='bbox 641 4074 753 4137; x_wconf 83' lang='lat' dir='ltr'><strong>fertilis</strong></span> <span class='ocrx_word' id='word_1_196' title='bbox 767 4074 952 4153; x_wconf 84' lang='lat' dir='ltr'><strong>hequenter</strong></span> <span class='ocrx_word' id='word_1_197' title='bbox 968 4069 1118 4150; x_wconf 74' lang='lat' dir='ltr'><strong>coquina.</strong></span> 
     </span>
    </p>
   </div>
   <div class='ocr_carea' id='block_1_11' title="bbox 0 0 1578 5192">
    <p class='ocr_par' dir='ltr' id='par_1_14' title="bbox 0 0 1578 5192">
     <span class='ocr_line' id='line_1_34' title="bbox 0 0 1578 5192; baseline 0 1"><span class='ocrx_word' id='word_1_198' title='bbox 0 0 1578 5192; x_wconf 95' lang='lat' dir='ltr'><strong> </strong></span> 
     </span>
    </p>
   </div>
  </div>
 </body>
</html>
