3160 5196
845 490 1011 551 -dod-

465 620 551 685 Dixit
563 638 645 702 quae
656 637 751 701 supra
762 624 829 700 jam
842 637 897 685 me
909 620 1072 702 scripsisse
1084 626 1128 693 (t)
1143 621 1295 685 recordor
1306 648 1314 705 3

504 730 633 810 propter
646 726 734 808 quod
746 725 884 792 breviter
898 730 975 790 sunt
987 728 1196 791 memoranda
1207 728 1286 791 nritd
1302 758 1310 790 ε
1440 798 1443 805 ‚

463 835 556 913 Quod
567 837 691 915 Moyses
700 832 828 915 redeat,
843 833 969 897 Christo
981 834 1133 915 cedente,
1149 838 1306 915 vetusque

503 942 584 1004 ritus
599 942 714 1020 agatur
727 938 819 1020 item,
834 941 906 1019 lege
918 940 1055 1003 cadente
1067 957 1172 1022 nova3

463 1047 555 1123 Quod
570 1048 805 1111 sacramentum
818 1049 922 1108 cesset
932 1046 1146 1127 baptimatis,
1163 1050 1197 1108 et
1207 1048 1294 1126 quod

510 1151 758 1217 circumcidendi
771 1166 843 1216 moe
854 1151 969 1216 iterum
983 1153 1093 1217 redeat
1106 1178 1114 1232 3

469 1261 563 1337 Quod
575 1260 662 1323 licite
672 1259 774 1323 daras
786 1277 907 1323 uxores
916 1262 1035 1324 meere
1052 1261 1153 1341 possit

506 1382 608 1445 uuus,
623 1367 657 1427 et
667 1382 732 1429 una
742 1363 854 1429 &cern
867 1366 968 1446 possit
982 1368 1099 1431 habere
1112 1367 1208 1432 viros.

466 1478 550 1536 Haec
562 1476 733 1553 postquam
746 1472 828 1536 dixit
839 1475 1035 1555 Machoures,
1049 1478 1084 1536 et
1095 1477 1222 1537 caetera
1233 1488 1318 1553 quae
1329 1490 1365 1537 se
1385 1508 1389 1515 ·

507 1578 613 1642 dicere
626 1578 770 1659 dicebat,
784 1578 998 1659 praecipiente
1011 1583 1093 1660 Deo,

470 1711 487 1747 a
500 1686 728 1768 ascendamus,
740 1708 756 1744 a
771 1687 828 1768 ait,
845 1710 862 1747 «
876 1690 1020 1751 montena
1032 1704 1128 1768 quem
1140 1687 1270 1750 cernitis
1282 1687 1367 1767 ittic3

509 1793 652 1857 fortassis
663 1794 756 1858 nobis
769 1793 889 1858 coeh'ca
900 1796 998 1858 verba
1011 1798 1129 1858 sonent
1140 1823 1151 1855 ι

469 1901 519 1965 Sic
533 1900 650 1965 etenim
662 1901 826 1982 quondam
836 1905 959 1982 Moyses
972 1901 1135 1965 demente
1146 1902 1281 1964 retertur

509 2008 543 2072 in
557 2009 673 2073 tabulis
686 2011 790 2090 legem
804 2009 901 2072 dante
914 2008 1025 2072 tulisse
1038 2012 1114 2071 lieo.
1129 2030 1146 2064 a

470 2115 525 2179 Hic
538 2116 766 2196 praetendebat
777 2116 960 2179 nachumes
968 2114 1152 2195 verissima,
1167 2130 1278 2178 verum

512 2224 572 2286 sub
584 2222 688 2303 specie
700 2222 768 2286 reri
783 2222 961 2302 decipiebat
972 2236 1038 2284 eos.
1086 2245 1093 2253 ·

471 2334 549 2393 Nam
562 2328 651 2410 prius
664 2329 789 2393 occulte
803 2331 945 2392 montem
959 2327 1192 2393 conscenderat
1200 2327 1306 2407 ipsum

511 2437 622 2517 inquo
637 2436 700 2497 mel
713 2435 850 2498 multum
861 2437 976 2517 tuoque
987 2435 1221 2499 recondiderat.

472 2545 586 2607 Montis
597 2542 682 2604 enim
697 2542 844 2622 culmen,
858 2560 922 2621 qua
935 2542 1044 2607 nescio
1058 2542 1183 2607 foderat
1194 2543 1263 2621 arte
1277 2589 1284 2621 ,

512 2655 550 2714 ut
560 2652 631 2713 tuto
645 2648 802 2730 liquidum
815 2648 893 2729 quid
907 2649 1044 2715 retinere
1057 2652 1163 2731 queat.

473 2759 531 2821 Mel
544 2755 642 2835 igitur
653 2755 833 2818 Machomes
848 2756 959 2821 foveae
970 2756 1173 2823 commiserat
1185 2755 1241 2829 uni
1254 2802 1262 2835 ,

412 2892 416 2899 ·
513 2866 612 2926 altera
623 2864 674 2926 lae
686 2861 789 2925 tenuit
804 2862 880 2929 dum
893 2864 1072 2929 Mechomes
1086 2862 1208 2931 voluit:

475 2972 524 3036 Sic
536 2987 665 3052 quoque
676 2968 848 3051 cespitibus
861 2970 1028 3035 fovearum
1040 2972 1165 3035 texerat
1175 2986 1252 3049 ora,

514 3083 552 3143 ut
563 3080 671 3142 nullus
685 3079 789 3141 fossae
803 3076 903 3158 possit
916 3078 1034 3140 habere
1046 3080 1167 3143 notam.
1229 3134 1232 3145 .

477 3189 643 3250 Praeterea
657 3187 788 3262 taurus,
810 3200 905 3264 quem
918 3201 969 3247 me
983 3200 1176 3267 memorasse
1188 3182 1351 3262 recordor,

517 3294 611 3373 cujus
621 3293 690 3355 erat
703 3293 797 3371 potus
811 3290 954 3355 Bacchus
965 3293 998 3352 et
1009 3306 1083 3353 esca
1095 3292 1208 3370 ceres,
1253 3332 1256 3339 .

477 3398 568 3462 Haud
580 3396 692 3478 procul
706 3414 724 3459 a
740 3394 840 3481 foveis
850 3395 943 3461 lactis
955 3393 1120 3477 mellisque
1133 3396 1253 3461 latebat

515 3492 602 3585 leges
613 3504 767 3569 confictas
780 3503 1009 3581 amachomete
1021 3518 1146 3583 gerens.

476 3615 544 3674 Huc
558 3611 655 3691 igitur
667 3612 837 3691 postquam
849 3609 1047 3690 Machoures,
1062 3623 1209 3688 proceres
1221 3606 1422 3686 populusque

437 3734 445 3748 ¹
517 3722 690 3799 venerunt,
704 3717 883 3781 Machomes
899 3731 1058 3796 quemque
1073 3713 1164 3777 silere
1176 3714 1281 3793 jubet.

476 3833 546 3904 Quo
560 3829 660 3907 iecto‚
675 3825 765 3907 quasi
777 3823 945 3891 consilium
958 3822 1097 3903 Domini,
1112 3821 1294 3885 manifestat

518 3933 596 4014 quid
608 3932 648 3995 de
659 3930 821 3995 mutandis
833 3930 956 4011 legibus
967 3927 1110 3991 instituet
1123 3953 1131 4008 ς

412 4181 442 4235 (Ι)
457 4175 554 4223 Dixisse
567 4177 622 4221 daos
632 4177 658 4218 B.
