3112 5194
582 506 746 561 -att-

251 624 371 697 Quibus
382 626 499 688 auditis
511 644 722 691 susurronum
736 628 847 708 dictis,

251 744 309 789 rex
322 727 527 809 Eldelonsus,
542 732 646 792 tactus
657 731 725 793 zelo
736 730 863 808 cordis,

250 831 382 911 perdere
396 832 511 898 timens
525 834 640 898 solium
653 833 802 915 bonoria,

372 955 468 1001 eausa
487 938 626 1018 timoris,

252 1073 384 1133 Omnem
397 1087 538 1134 amorem
552 1071 586 1135 in
599 1072 679 1137 iram
693 1072 870 1151 conuertit,

252 1176 435 1240 occasiones
450 1179 563 1240 contra
575 1195 650 1241 eum
663 1177 807 1258 quaerit,

252 1283 419 1348 obiciendo
432 1302 603 1365 perpauca
617 1302 700 1365 quae
713 1284 820 1365 novit,

370 1392 463 1471 plura
476 1410 558 1472 quae
569 1391 672 1455 nescit
685 1396 695 1468 (
718 1396 740 1468 ).

252 1527 346 1589 lubet
358 1543 377 1588 e
388 1528 473 1588 terra
487 1525 591 1589 virum
605 1525 736 1588 exulare
752 1551 760 1585 t
786 1519 790 1528 '

252 1633 327 1696 binc
339 1633 442 1713 eoepit
455 1632 522 1713 ipse
535 1636 660 1695 llauros
672 1632 845 1711 debellare,

251 1738 492 1818 (Hispaniarum
504 1737 625 1818 patrias
637 1739 781 1817 vastare,

370 1845 466 1907 urbes
479 1843 608 1922 delere(
630 1848 650 1918 ).

252 1983 347 2041 Fama
358 1977 501 2057 pervenit
513 1977 546 2040 in
560 1978 681 2040 curiam
694 1977 779 2057 regis

251 2086 339 2164 quod
352 2083 597 2164 Campi-Ductor,
613 2082 760 2163 agarieae
774 2082 880 2161 geniis

252 2190 370 2271 optima
384 2207 532 2271 somene,
548 2189 654 2252 adbuc
667 2192 759 2270 parat
771 2189 817 2251 cis

370 2298 520 2378 laqueum
533 2295 655 2359 mortis.

251 2433 348 2497 Nimis
361 2433 461 2496 iratus
471 2432 579 2513 jungit
591 2433 769 2515 equitatus3

250 2543 295 2606 illi
308 2545 399 2623 parat
411 2544 547 2605 mortem
558 2539 618 2604 nisi
632 2540 673 2604 sit
686 2544 800 2606 cautus
814 2544 873 2623 (3),

129 2768 161 2823 tl)
178 2766 212 2812 ou
233 2765 259 2809 lit
278 2763 335 2808 dans
355 2763 376 2809 le
396 2767 478 2807 savsnt
497 2761 586 2806 resume
601 2773 646 2818 que
681 2763 790 2818 premiere
802 2763 830 2807 de
840 2764 861 2808 la
874 2765 1028 2810 malveillence
1042 2765 1154 2811 u’auense
1164 2769 1228 2813 vlle

106 2829 137 2875 lt.
152 2826 274 2876 Ascbbucb
291 2838 306 2870 a
322 2826 363 2869 iait
382 2825 422 2870 des
439 2824 556 2869 traditione
571 2823 646 2868 surle
681 2823 782 2881 Cumque
797 2824 870 2869 nullus
888 2831 962 2881 meet,
982 2827 1022 2883 qni
1041 2828 1194 2883 iuramentum
1208 2843 1222 2875 a

105 2888 143 2934 Gid
156 2888 265 2935 :Sanctio
278 2887 418 2943 interempto,
433 2886 552 2940 llllousus,
567 2885 589 2929 in
601 2896 646 2941 pa·
680 2897 733 2941 rege
747 2887 840 2931 auderet
853 2888 965 2944 accipere,
979 2889 1109 2944 suprafatus
1123 2890 1223 2935 uouen-

105 2951 171 2996 trium
188 2950 274 3002 redux,
293 2949 389 3005 laegiom
400 2947 497 3004 (Leon),
519 2947 571 2992 sede
584 2946 646 3002 regia
681 2958 722 2992 ens
736 2948 828 3001 llidaai,
842 2949 905 2993 miles
916 2954 1032 3005 strennus,
1044 2952 1221 3006 loramentum

104 3012 188 3068 potitus
200 3016 240 3056 eet.
253 3010 361 3057 &stellae
375 3022 429 3054 aero
443 3014 571 3066 magnetes,
585 3021 646 3053 eun·
681 3021 733 3066 rega
755 3010 850 3066 aceepit.
872 3011 1014 3068 Quapropter
1037 3024 1078 3057 rex
1099 3013 1224 3058 Adelonsus

105 3074 154 3119 dem
174 3085 220 3117 non
240 3084 289 3117 esse
309 3071 371 3127 prius
398 3082 473 3127 regem
493 3070 645 3127 recipiendum
680 3082 769 3126 semper
783 3070 861 3115 babuit
879 3083 985 3128 exosum3
1004 3073 1094 3125 Lucas,
1115 3074 1225 3120 diaconus

104 3136 254 3180 decreverunt
267 3145 351 3190 quam,
369 3144 394 3178 se
413 3132 542 3187 nesciente,
561 3131 645 3177 sanctii
681 3132 793 3187 tudensis,
817 3130 1223 3190 Cbroaicoa,p.lbo;dansscbot-

106 3197 198 3242 aeedcm
217 3201 368 3252 perpetratam
394 3195 541 3249 jurejurando
563 3191 646 3238 coniit—
680 3198 729 3248 tus,
751 3193 885 3250 Hispaniae
905 3191 1041 3239 illustratae
1063 3201 1079 3239 t.
1100 3195 1143 3241 lv.
1167 3194 1224 3243 Cum

105 3263 195 3302 massot.
209 3257 310 3302 Gaeterb
323 3255 477 3301 dubitantibus
490 3261 558 3312 atque
572 3268 646 3300 aune·
681 3266 746 3299 nemo
756 3256 822 3300 vellet
831 3253 861 3299 ab
871 3267 898 3300 eo
912 3255 1038 3312 (ildefonso)
1048 3259 1150 3313 recipere
1161 3260 1225 3314 iura-

105 3319 204 3363 tantibus
222 3330 275 3373 prae
287 3318 379 3371 timore,
395 3329 423 3362 nc
434 3329 485 3362 cum
502 3318 561 3363 mala
573 3317 646 3363 lorent
681 3322 796 3370 mentum,
816 3317 844 3361 ad
860 3317 1013 3373 recipiendum
1027 3329 1051 3362 se
1065 3316 1146 3362 obtulit
1162 3319 1224 3363 solus

104 3381 164 3438 apud
178 3392 253 3436 regern
264 3381 352 3437 gratia,
365 3379 442 3434 (lidus,
462 3380 554 3424 minime
567 3380 645 3424 baesi-
681 3379 888 3425 Rodericusliidaci
897 3377 1101 3436 dampnandum
1108 3386 1131 3425 et
1138 3386 1223 3438 postea,

68 3486 70 3489 .
106 3449 172 3498 tens,
186 3442 210 3486 in
222 3442 320 3487 medinm
333 3443 442 3499 processit
450 3447 484 3496 et,
497 3454 543 3497 qua
554 3443 576 3485 in
589 3453 645 3486 eae-
680 3442 732 3486 licet
742 3448 858 3493 strenuus,
872 3453 917 3486 nau
928 3441 970 3485 luit
983 3442 1006 3485 in
1024 3443 1074 3497 eius
1085 3442 1155 3487 oculs
1167 3453 1225 3498 gra-

105 3504 159 3550 teris
173 3504 243 3548 enimi
253 3505 403 3561 magnitudine
415 3504 447 3548 uti
460 3503 557 3559 solebat,
571 3502 646 3548 Allon-
681 3503 766 3558 tlosus3
791 3501 916 3547 Roderleus
936 3504 1063 3556 toletanus,
1090 3503 1124 3548 Da
1148 3502 1223 3549 radus

105 3577 155 3610 sum
165 3565 238 3610 verbis
250 3567 450 3623 conceptisJurare
462 3566 568 3622 compulit
577 3570 645 3620 atque
681 3565 828 3621 Hispaniae,
843 3564 858 3607 l.
871 3576 903 3620 iv,
914 3563 951 3609 cb.
960 3569 996 3610 21.
1011 3565 1041 3610 be
1052 3563 1172 3609 Chronica
1185 3565 1226 3613 del

104 3628 164 3672 unas
178 3627 202 3671 in
216 3628 265 3682 ejus
279 3634 347 3685 eaput
360 3628 443 3673 addidit
459 3627 645 3684 imprecationes,
682 3624 737 3678 Gid,
759 3626 796 3670 ab.
815 3637 922 3681 cxxxix,
947 3626 1073 3672 attribuei
1092 3638 1136 3671 une
1158 3632 1228 3675 autre,

104 3688 220 3735 silratris
244 3690 325 3734 caedes
351 3691 421 3747 ipsius
445 3689 536 3735 consilio
557 3693 645 3745 patratu
681 3699 750 3731 cause
764 3699 790 3731 co
802 3687 898 3743 premier
911 3687 954 3732 exil
966 3686 996 3731 du
1006 3687 1053 3732 cio.

105 3756 173 3797 esset.
198 3750 278 3806 Neque
300 3752 365 3796 simul
388 3751 471 3797 Aliensi
492 3753 645 3808 juramentum
708 3748 735 3804 (Ξ)
750 3748 768 3791 ll
782 3748 866 3793 semble
877 3750 972 3795 resulter
983 3748 1010 3794 de
1022 3762 1048 3795 ee
1058 3750 1147 3807 couplet
1158 3754 1181 3794 et
1192 3748 1222 3794 du

106 3813 205 3869 aceepit,
229 3812 267 3856 sed
290 3814 359 3858 etiam
379 3814 494 3871 poposcit,
518 3818 543 3856 ut
564 3824 605 3857 rex
624 3812 645 3855 ld
681 3810 780 3862 suivant,
800 3822 845 3866 que
858 3811 910 3867 liuy
922 3810 976 3855 lllaz
991 3810 1096 3857 seserait
1108 3811 1179 3865 range
1192 3810 1222 3855 de

104 3879 224 3931 repeteret.
239 3874 312 3919 Eaer
327 3886 410 3928 causa,
426 3882 452 3919 ut
465 3886 539 3919 rerum
553 3878 646 3919 eventus
680 3871 797 3928 l’injustiee
821 3871 954 3929 d'illpbonse
979 3883 1007 3916 en
1031 3878 1154 3928 ravageant
1181 3884 1222 3916 son

105 3941 183 3992 postea
194 3935 331 3990 declaravit,
344 3947 386 3980 rex
401 3937 513 3981 lloderlco
523 3934 645 3980 infestissi-
680 3945 802 3989 royaume,
817 3934 874 3978 mais
891 3944 948 3978 nous
963 3932 1056 3980 n'avons
1076 3934 1124 3979 rien
1145 3945 1175 3977 vu
1193 3933 1222 3979 de

107 4008 170 4053 mus,
184 3997 304 4042 occasione
315 3997 383 4052 data,
397 3999 424 4043 de
437 3999 539 4044 insolenti
555 4006 646 4054 procare
681 3994 816 4050 semblable,
830 3995 853 4039 nl
867 3996 923 4040 dans
937 3995 1063 4053 lespoesiee
1080 3995 1222 4057 espagnoles,

105 4071 191 4115 poenas
211 4070 301 4104 sumere
314 4059 426 4111 decrerim
444 4060 480 4104 De
499 4059 555 4104 cidi
568 4058 646 4103 birte-
681 4056 703 4100 nl
715 4057 769 4101 dans
784 4058 815 4101 tes
829 4057 972 4114 chroniques.

103 4121 157 4166 riae
171 4118 293 4177 foetibus,
309 4132 331 4176 p.
341 4125 363 4164 u.
377 4120 420 4165 Les
430 4118 543 4164 earivains
554 4118 585 4163 les
597 4116 645 4172 plus
707 4119 736 4176 (3)
755 4118 814 4163 G'est
826 4119 847 4164 la
863 4121 925 4165 seule
941 4120 1004 4176 ligne,
1017 4120 1056 4176 qni
1077 4131 1175 4176 manque
1195 4118 1223 4164 de

104 4183 260 4242 circonspecte
282 4181 421 4229 s’aaaordent
441 4194 479 4226 sur
498 4185 556 4226 cette
579 4191 647 4225 cause
683 4181 836 4236 cesareaprbs
850 4181 870 4226 la
885 4182 1012 4238 einquiima
1025 4181 1117 4237 syllaba.
