<?xml version="1.0" encoding="UTF-8"?>
<!DOCTYPE html PUBLIC "-//W3C//DTD XHTML 1.0 Transitional//EN"
    "http://www.w3.org/TR/xhtml1/DTD/xhtml1-transitional.dtd">
<html xmlns="http://www.w3.org/1999/xhtml" xml:lang="en" lang="en">
 <head>
  <title>
</title>
<meta http-equiv="Content-Type" content="text/html;charset=utf-8" />
  <meta name='ocr-system' content='tesseract 3.04.00' />
  <meta name='ocr-capabilities' content='ocr_page ocr_carea ocr_par ocr_line ocrx_word'/>
</head>
<body>
  <div class='ocr_page' id='page_1' title='image "./posiespopulaire04mrgoog_0189.png"; bbox 0 0 3146 5192; ppageno 0'>
   <div class='ocr_carea' id='block_1_1' title="bbox 600 548 765 606">
    <p class='ocr_par' dir='ltr' id='par_1_1' title="bbox 600 548 765 606">
     <span class='ocr_line' id='line_1_1' title="bbox 600 548 765 606; baseline 0.024 -4"><span class='ocrx_word' id='word_1_1' title='bbox 600 548 765 606; x_wconf 83' lang='lat'>-173-</span> 
     </span>
    </p>
   </div>
   <div class='ocr_carea' id='block_1_2' title="bbox 186 671 889 1075">
    <p class='ocr_par' dir='ltr' id='par_1_2' title="bbox 225 671 829 758">
     <span class='ocr_line' id='line_1_2' title="bbox 225 671 829 758; baseline 0.015 -29"><span class='ocrx_word' id='word_1_2' title='bbox 225 673 376 747; x_wconf 85' lang='lat' dir='ltr'><strong>lngernnt</strong></span> <span class='ocrx_word' id='word_1_3' title='bbox 387 671 526 734; x_wconf 89' lang='lat' dir='ltr'><strong>consiliis</strong></span> <span class='ocrx_word' id='word_1_4' title='bbox 540 678 590 753; x_wconf 85' lang='lat' dir='ltr'><strong>se,</strong></span> <span class='ocrx_word' id='word_1_5' title='bbox 606 692 670 736; x_wconf 95' lang='lat' dir='ltr'><strong>non</strong></span> <span class='ocrx_word' id='word_1_6' title='bbox 685 675 829 758; x_wconf 76' lang='lat' dir='ltr'><strong>invitati3</strong></span> 
     </span>
    </p>

    <p class='ocr_par' dir='ltr' id='par_1_3' title="bbox 186 776 888 973">
     <span class='ocr_line' id='line_1_3' title="bbox 224 776 888 863; baseline 0.012 -24"><span class='ocrx_word' id='word_1_7' title='bbox 224 776 380 857; x_wconf 89' lang='lat' dir='ltr'><strong>quidquid</strong></span> <span class='ocrx_word' id='word_1_8' title='bbox 392 782 491 858; x_wconf 84' lang='lat' dir='ltr'>agant</span> <span class='ocrx_word' id='word_1_9' title='bbox 501 780 591 861; x_wconf 77' lang='lat' dir='ltr'><strong>laici,</strong></span> <span class='ocrx_word' id='word_1_10' title='bbox 608 782 761 863; x_wconf 86' lang='lat' dir='ltr'><strong>quidquid</strong></span> <span class='ocrx_word' id='word_1_11' title='bbox 773 784 888 847; x_wconf 89' lang='lat' dir='ltr'><strong>literati</strong></span> 
     </span>
     <span class='ocr_line' id='line_1_4' title="bbox 186 887 877 973; baseline 0.014 -29"><span class='ocrx_word' id='word_1_12' title='bbox 186 921 189 927; x_wconf 77' lang='lat'><em>,</em></span> <span class='ocrx_word' id='word_1_13' title='bbox 226 888 258 945; x_wconf 86' lang='lat' dir='ltr'><strong>ct</strong></span> <span class='ocrx_word' id='word_1_14' title='bbox 270 887 407 964; x_wconf 88' lang='lat' dir='ltr'><strong>rnajores</strong></span> <span class='ocrx_word' id='word_1_15' title='bbox 420 887 525 949; x_wconf 88' lang='lat' dir='ltr'><strong>clerici</strong></span> <span class='ocrx_word' id='word_1_16' title='bbox 539 905 596 950; x_wconf 91' lang='lat' dir='ltr'><strong>seu</strong></span> <span class='ocrx_word' id='word_1_17' title='bbox 607 890 714 969; x_wconf 84' lang='lat' dir='ltr'><strong>magni</strong></span> <span class='ocrx_word' id='word_1_18' title='bbox 729 894 877 973; x_wconf 76' lang='lat' dir='ltr'><strong>praelati,</strong></span> 
     </span>
    </p>

    <p class='ocr_par' dir='ltr' id='par_1_4' title="bbox 224 994 889 1075">
     <span class='ocr_line' id='line_1_5' title="bbox 224 994 889 1075; baseline 0.014 -22"><span class='ocrx_word' id='word_1_19' title='bbox 224 996 379 1072; x_wconf 88' lang='lat' dir='ltr'><strong>spernunt</strong></span> <span class='ocrx_word' id='word_1_20' title='bbox 391 996 424 1056; x_wconf 85' lang='lat' dir='ltr'><strong>et</strong></span> <span class='ocrx_word' id='word_1_21' title='bbox 434 994 615 1075; x_wconf 83' lang='lat' dir='ltr'><strong>vituperant</strong></span> <span class='ocrx_word' id='word_1_22' title='bbox 628 997 687 1059; x_wconf 94' lang='lat' dir='ltr'><strong>nisi</strong></span> <span class='ocrx_word' id='word_1_23' title='bbox 698 997 762 1060; x_wconf 88' lang='lat' dir='ltr'><strong>sint</strong></span> <span class='ocrx_word' id='word_1_24' title='bbox 775 1000 889 1062; x_wconf 72' lang='lat' dir='ltr'><strong>vocati,</strong></span> 
     </span>
    </p>
   </div>
   <div class='ocr_carea' id='block_1_3' title="bbox 222 1136 1143 1541">
    <p class='ocr_par' dir='ltr' id='par_1_5' title="bbox 225 1136 887 1223">
     <span class='ocr_line' id='line_1_6' title="bbox 225 1136 887 1223; baseline 0.009 -26"><span class='ocrx_word' id='word_1_25' title='bbox 225 1136 260 1197; x_wconf 88' lang='lat' dir='ltr'><strong>lli</strong></span> <span class='ocrx_word' id='word_1_26' title='bbox 273 1141 437 1217; x_wconf 85' lang='lat' dir='ltr'><strong>portantes</strong></span> <span class='ocrx_word' id='word_1_27' title='bbox 451 1139 591 1219; x_wconf 82' lang='lat' dir='ltr'>gladium</span> <span class='ocrx_word' id='word_1_28' title='bbox 605 1158 694 1203; x_wconf 88' lang='lat' dir='ltr'><strong>more</strong></span> <span class='ocrx_word' id='word_1_29' title='bbox 706 1141 887 1223; x_wconf 83' lang='lat' dir='ltr'><strong>furibundi,</strong></span> 
     </span>
    </p>

    <p class='ocr_par' dir='ltr' id='par_1_6' title="bbox 223 1246 1143 1436">
     <span class='ocr_line' id='line_1_7' title="bbox 223 1246 1143 1329; baseline 0.01 -26"><span class='ocrx_word' id='word_1_30' title='bbox 223 1260 278 1321; x_wconf 85' lang='lat' dir='ltr'><strong>per</strong></span> <span class='ocrx_word' id='word_1_31' title='bbox 285 1246 360 1323; x_wconf 81' lang='lat' dir='ltr'><strong>jura</strong></span> <span class='ocrx_word' id='word_1_32' title='bbox 371 1263 453 1325; x_wconf 91' lang='lat' dir='ltr'><strong>qnae</strong></span> <span class='ocrx_word' id='word_1_33' title='bbox 466 1246 614 1309; x_wconf 88' lang='lat' dir='ltr'><strong>nesciunt</strong></span> <span class='ocrx_word' id='word_1_34' title='bbox 623 1250 655 1308; x_wconf 88' lang='lat' dir='ltr'><strong>et</strong></span> <span class='ocrx_word' id='word_1_35' title='bbox 666 1265 823 1310; x_wconf 88' lang='lat' dir='ltr'><strong>summam</strong></span> <span class='ocrx_word' id='word_1_36' title='bbox 835 1248 879 1311; x_wconf 86' lang='lat' dir='ltr'><strong>rei</strong></span> <span class='ocrx_word' id='word_1_37' title='bbox 893 1267 951 1328; x_wconf 90' lang='lat' dir='ltr'><strong>pro</strong></span> <span class='ocrx_word' id='word_1_38' title='bbox 965 1249 1094 1325; x_wconf 85' lang='lat' dir='ltr'><strong>mnndi(</strong></span> <span class='ocrx_word' id='word_1_39' title='bbox 1118 1256 1143 1329; x_wconf 69' lang='lat' dir='ltr'><strong>l,</strong></span> 
     </span>
     <span class='ocr_line' id='line_1_8' title="bbox 224 1348 976 1436; baseline 0.012 -27"><span class='ocrx_word' id='word_1_40' title='bbox 224 1348 358 1411; x_wconf 88' lang='lat' dir='ltr'><strong>credunt</strong></span> <span class='ocrx_word' id='word_1_41' title='bbox 369 1368 403 1413; x_wconf 88' lang='lat' dir='ltr'><strong>se</strong></span> <span class='ocrx_word' id='word_1_42' title='bbox 417 1353 614 1416; x_wconf 84' lang='lat' dir='ltr'><strong>confundere</strong></span> <span class='ocrx_word' id='word_1_43' title='bbox 627 1372 686 1416; x_wconf 88' lang='lat' dir='ltr'><strong>nec</strong></span> <span class='ocrx_word' id='word_1_44' title='bbox 698 1372 792 1433; x_wconf 85' lang='lat' dir='ltr'><strong>posse</strong></span> <span class='ocrx_word' id='word_1_45' title='bbox 804 1356 976 1436; x_wconf 79' lang='lat' dir='ltr'><strong>conlundi,</strong></span> 
     </span>
    </p>

    <p class='ocr_par' dir='ltr' id='par_1_7' title="bbox 222 1459 918 1541">
     <span class='ocr_line' id='line_1_9' title="bbox 222 1459 918 1541; baseline 0.006 -23"><span class='ocrx_word' id='word_1_46' title='bbox 222 1474 332 1519; x_wconf 90' lang='lat' dir='ltr'><strong>omnes</strong></span> <span class='ocrx_word' id='word_1_47' title='bbox 343 1459 487 1537; x_wconf 91' lang='lat' dir='ltr'><strong>quamvis</strong></span> <span class='ocrx_word' id='word_1_48' title='bbox 499 1459 617 1521; x_wconf 86' lang='lat' dir='ltr'><strong>fuerint</strong></span> <span class='ocrx_word' id='word_1_49' title='bbox 630 1459 746 1539; x_wconf 86' lang='lat' dir='ltr'><strong>injure</strong></span> <span class='ocrx_word' id='word_1_50' title='bbox 759 1461 918 1541; x_wconf 85' lang='lat' dir='ltr'><strong>profundi.</strong></span> 
     </span>
    </p>
   </div>
   <div class='ocr_carea' id='block_1_4' title="bbox 223 1600 944 2006">
    <p class='ocr_par' dir='ltr' id='par_1_8' title="bbox 223 1600 930 1791">
     <span class='ocr_line' id='line_1_10' title="bbox 223 1600 930 1685; baseline 0.008 -24"><span class='ocrx_word' id='word_1_51' title='bbox 223 1602 364 1678; x_wconf 72' lang='lat' dir='ltr'><strong>Haclcei)</strong></span> <span class='ocrx_word' id='word_1_52' title='bbox 380 1600 419 1662; x_wconf 89' lang='lat' dir='ltr'><strong>de</strong></span> <span class='ocrx_word' id='word_1_53' title='bbox 430 1601 592 1681; x_wconf 92' lang='lat' dir='ltr'><strong>provincia</strong></span> <span class='ocrx_word' id='word_1_54' title='bbox 607 1602 711 1666; x_wconf 91' lang='lat' dir='ltr'><strong>dictus</strong></span> <span class='ocrx_word' id='word_1_55' title='bbox 722 1621 779 1665; x_wconf 88' lang='lat' dir='ltr'><strong>rex</strong></span> <span class='ocrx_word' id='word_1_56' title='bbox 789 1606 930 1685; x_wconf 69' lang='lat' dir='ltr'><strong>notavit,</strong></span> 
     </span>
     <span class='ocr_line' id='line_1_11' title="bbox 225 1706 915 1791; baseline 0.009 -24"><span class='ocrx_word' id='word_1_57' title='bbox 225 1706 275 1768; x_wconf 90' lang='lat' dir='ltr'><strong>nbi</strong></span> <span class='ocrx_word' id='word_1_58' title='bbox 290 1707 330 1768; x_wconf 85' lang='lat' dir='ltr'><strong>de</strong></span> <span class='ocrx_word' id='word_1_59' title='bbox 344 1708 560 1771; x_wconf 88' lang='lat' dir='ltr'><strong>contractibus</strong></span> <span class='ocrx_word' id='word_1_60' title='bbox 574 1712 607 1771; x_wconf 90' lang='lat' dir='ltr'><strong>et</strong></span> <span class='ocrx_word' id='word_1_61' title='bbox 618 1710 737 1772; x_wconf 84' lang='lat' dir='ltr'><strong>chartis</strong></span> <span class='ocrx_word' id='word_1_62' title='bbox 752 1713 915 1791; x_wconf 71' lang='lat' dir='ltr'><strong>tractavit,</strong></span> 
     </span>
    </p>

    <p class='ocr_par' dir='ltr' id='par_1_9' title="bbox 225 1815 865 1895">
     <span class='ocr_line' id='line_1_12' title="bbox 225 1815 865 1895; baseline 0.005 -18"><span class='ocrx_word' id='word_1_63' title='bbox 225 1815 299 1877; x_wconf 88' lang='lat' dir='ltr'><strong>dnm</strong></span> <span class='ocrx_word' id='word_1_64' title='bbox 313 1819 421 1895; x_wconf 89' lang='lat' dir='ltr'><strong>aperte</strong></span> <span class='ocrx_word' id='word_1_65' title='bbox 432 1815 561 1878; x_wconf 86' lang='lat' dir='ltr'><strong>rnininra</strong></span> <span class='ocrx_word' id='word_1_66' title='bbox 574 1819 677 1879; x_wconf 89' lang='lat' dir='ltr'><strong>totum</strong></span> <span class='ocrx_word' id='word_1_67' title='bbox 689 1818 865 1883; x_wconf 88' lang='lat' dir='ltr'><strong>nominavit</strong></span> 
     </span>
    </p>

    <p class='ocr_par' dir='ltr' id='par_1_10' title="bbox 225 1923 944 2006">
     <span class='ocr_line' id='line_1_13' title="bbox 225 1923 944 2006; baseline 0.01 -23"><span class='ocrx_word' id='word_1_68' title='bbox 225 1925 256 1983; x_wconf 88' lang='lat' dir='ltr'><strong>et</strong></span> <span class='ocrx_word' id='word_1_69' title='bbox 268 1940 385 1986; x_wconf 88' lang='lat' dir='ltr'><strong>nomen</strong></span> <span class='ocrx_word' id='word_1_70' title='bbox 397 1926 499 2003; x_wconf 83' lang='lat' dir='ltr'><strong>tuum,</strong></span> <span class='ocrx_word' id='word_1_71' title='bbox 511 1926 544 1997; x_wconf 85' lang='lat' dir='ltr'><strong>(o</strong></span> <span class='ocrx_word' id='word_1_72' title='bbox 559 1928 651 2004; x_wconf 75' lang='lat' dir='ltr'><strong>Lex),</strong></span> <span class='ocrx_word' id='word_1_73' title='bbox 666 1923 760 1987; x_wconf 89' lang='lat' dir='ltr'><strong>simul</strong></span> <span class='ocrx_word' id='word_1_74' title='bbox 771 1929 944 2006; x_wconf 88' lang='lat' dir='ltr'><strong>usurpavit.</strong></span> 
     </span>
    </p>
   </div>
   <div class='ocr_carea' id='block_1_5' title="bbox 223 2067 1072 2472">
    <p class='ocr_par' dir='ltr' id='par_1_11' title="bbox 223 2067 1072 2365">
     <span class='ocr_line' id='line_1_14' title="bbox 224 2067 921 2152; baseline 0.006 -21"><span class='ocrx_word' id='word_1_75' title='bbox 224 2075 281 2131; x_wconf 89' lang='lat' dir='ltr'><strong>Per</strong></span> <span class='ocrx_word' id='word_1_76' title='bbox 295 2068 395 2149; x_wconf 89' lang='lat' dir='ltr'><strong>ipsam</strong></span> <span class='ocrx_word' id='word_1_77' title='bbox 407 2067 557 2131; x_wconf 81' lang='lat' dir='ltr'><strong>causidici</strong></span> <span class='ocrx_word' id='word_1_78' title='bbox 570 2072 646 2130; x_wconf 88' lang='lat' dir='ltr'><strong>sunt</strong></span> <span class='ocrx_word' id='word_1_79' title='bbox 659 2073 782 2133; x_wconf 82' lang='lat' dir='ltr'><strong>Fratres</strong></span> <span class='ocrx_word' id='word_1_80' title='bbox 796 2071 900 2135; x_wconf 87' lang='lat' dir='ltr'><strong>ellecti</strong></span> <span class='ocrx_word' id='word_1_81' title='bbox 913 2122 921 2152; x_wconf 84' lang='lat'>,</span> 
     </span>
     <span class='ocr_line' id='line_1_15' title="bbox 223 2176 1072 2262; baseline 0.007 -24"><span class='ocrx_word' id='word_1_82' title='bbox 223 2176 397 2257; x_wconf 86' lang='lat' dir='ltr'><strong>ipsam(qne</strong></span> <span class='ocrx_word' id='word_1_83' title='bbox 407 2179 430 2252; x_wconf 81' lang='lat'><strong>?)</strong></span> <span class='ocrx_word' id='word_1_84' title='bbox 443 2177 562 2238; x_wconf 86' lang='lat' dir='ltr'><strong>habent</strong></span> <span class='ocrx_word' id='word_1_85' title='bbox 575 2193 684 2238; x_wconf 88' lang='lat' dir='ltr'><strong>secum</strong></span> <span class='ocrx_word' id='word_1_86' title='bbox 696 2194 843 2259; x_wconf 75' lang='lat' dir='ltr'><strong>mensae,</strong></span> <span class='ocrx_word' id='word_1_87' title='bbox 858 2179 945 2260; x_wconf 72' lang='lat' dir='ltr'><strong>viae,</strong></span> <span class='ocrx_word' id='word_1_88' title='bbox 960 2182 1072 2262; x_wconf 71' lang='lat' dir='ltr'><strong>lelclti,</strong></span> 
     </span>
     <span class='ocr_line' id='line_1_16' title="bbox 224 2282 808 2365; baseline 0 -19"><span class='ocrx_word' id='word_1_89' title='bbox 224 2288 260 2346; x_wconf 89' lang='lat' dir='ltr'><strong>ut</strong></span> <span class='ocrx_word' id='word_1_90' title='bbox 269 2284 368 2348; x_wconf 86' lang='lat' dir='ltr'><strong>videri</strong></span> <span class='ocrx_word' id='word_1_91' title='bbox 378 2285 506 2347; x_wconf 89' lang='lat' dir='ltr'><strong>valeant</strong></span> <span class='ocrx_word' id='word_1_92' title='bbox 519 2282 552 2345; x_wconf 95' lang='lat' dir='ltr'><strong>in</strong></span> <span class='ocrx_word' id='word_1_93' title='bbox 563 2285 635 2362; x_wconf 89' lang='lat' dir='ltr'><strong>jure</strong></span> <span class='ocrx_word' id='word_1_94' title='bbox 647 2284 808 2365; x_wconf 85' lang='lat' dir='ltr'><strong>provecti,</strong></span> 
     </span>
    </p>

    <p class='ocr_par' dir='ltr' id='par_1_12' title="bbox 224 2388 947 2472">
     <span class='ocr_line' id='line_1_17' title="bbox 224 2388 947 2472; baseline 0.004 -19"><span class='ocrx_word' id='word_1_95' title='bbox 224 2408 282 2453; x_wconf 89' lang='lat' dir='ltr'><strong>nec</strong></span> <span class='ocrx_word' id='word_1_96' title='bbox 294 2394 409 2454; x_wconf 87' lang='lat' dir='ltr'><strong>curant</strong></span> <span class='ocrx_word' id='word_1_97' title='bbox 420 2389 460 2451; x_wconf 91' lang='lat' dir='ltr'><strong>de</strong></span> <span class='ocrx_word' id='word_1_98' title='bbox 469 2388 572 2452; x_wconf 88' lang='lat' dir='ltr'><strong>bibliis</strong></span> <span class='ocrx_word' id='word_1_99' title='bbox 584 2407 663 2470; x_wconf 88' lang='lat' dir='ltr'><strong>quas</strong></span> <span class='ocrx_word' id='word_1_100' title='bbox 677 2392 781 2452; x_wconf 86' lang='lat' dir='ltr'><strong>solent</strong></span> <span class='ocrx_word' id='word_1_101' title='bbox 790 2394 947 2472; x_wconf 89' lang='lat' dir='ltr'><strong>amplecti.</strong></span> 
     </span>
    </p>
   </div>
   <div class='ocr_carea' id='block_1_6' title="bbox 224 2542 1144 2633">
    <p class='ocr_par' dir='ltr' id='par_1_13' title="bbox 224 2542 1144 2633">
     <span class='ocr_line' id='line_1_18' title="bbox 224 2542 1144 2633; baseline 0.008 -28"><span class='ocrx_word' id='word_1_102' title='bbox 224 2546 382 2606; x_wconf 86' lang='lat' dir='ltr'><strong>Enervant</strong></span> <span class='ocrx_word' id='word_1_103' title='bbox 391 2546 445 2621; x_wconf 84' lang='lat' dir='ltr'><strong>e(t)</strong></span> <span class='ocrx_word' id='word_1_104' title='bbox 454 2542 653 2622; x_wconf 71' lang='lat' dir='ltr'><strong>distruuntll.</strong></span> <span class='ocrx_word' id='word_1_105' title='bbox 664 2544 844 2621; x_wconf 88' lang='lat' dir='ltr'><strong>destruunt)</strong></span> <span class='ocrx_word' id='word_1_106' title='bbox 849 2546 931 2625; x_wconf 88' lang='lat' dir='ltr'><strong>juris</strong></span> <span class='ocrx_word' id='word_1_107' title='bbox 940 2548 1144 2633; x_wconf 81' lang='lat' dir='ltr'><strong>aequitatem,</strong></span> 
     </span>
    </p>
   </div>
   <div class='ocr_carea' id='block_1_7' title="bbox 223 2652 1003 2946">
    <p class='ocr_par' dir='ltr' id='par_1_14' title="bbox 223 2652 1003 2946">
     <span class='ocr_line' id='line_1_19' title="bbox 224 2652 985 2735; baseline 0.003 -22"><span class='ocrx_word' id='word_1_108' title='bbox 224 2668 283 2713; x_wconf 89' lang='lat' dir='ltr'><strong>nec</strong></span> <span class='ocrx_word' id='word_1_109' title='bbox 296 2652 474 2730; x_wconf 88' lang='lat' dir='ltr'><strong>sequuntur</strong></span> <span class='ocrx_word' id='word_1_110' title='bbox 487 2667 648 2712; x_wconf 92' lang='lat' dir='ltr'><strong>canonum</strong></span> <span class='ocrx_word' id='word_1_111' title='bbox 664 2668 784 2712; x_wconf 88' lang='lat' dir='ltr'><strong>meram</strong></span> <span class='ocrx_word' id='word_1_112' title='bbox 798 2655 964 2715; x_wconf 90' lang='lat' dir='ltr'><strong>veritatem</strong></span> <span class='ocrx_word' id='word_1_113' title='bbox 976 2681 985 2735; x_wconf 78' lang='lat'>3</span> 
     </span>
     <span class='ocr_line' id='line_1_20' title="bbox 224 2757 1003 2838; baseline 0.004 -18"><span class='ocrx_word' id='word_1_114' title='bbox 224 2760 349 2838; x_wconf 87' lang='lat' dir='ltr'><strong>plenam</strong></span> <span class='ocrx_word' id='word_1_115' title='bbox 362 2775 431 2820; x_wconf 90' lang='lat' dir='ltr'><strong>esse</strong></span> <span class='ocrx_word' id='word_1_116' title='bbox 445 2757 587 2820; x_wconf 80' lang='lat' dir='ltr'><strong>clavibus</strong></span> <span class='ocrx_word' id='word_1_117' title='bbox 600 2759 642 2834; x_wconf 72' lang='lat'><strong>(2)</strong></span> <span class='ocrx_word' id='word_1_118' title='bbox 657 2761 777 2837; x_wconf 84' lang='lat' dir='ltr'><strong>negant</strong></span> <span class='ocrx_word' id='word_1_119' title='bbox 790 2762 982 2837; x_wconf 85' lang='lat' dir='ltr'><strong>potestatem</strong></span> <span class='ocrx_word' id='word_1_120' title='bbox 995 2791 1003 2823; x_wconf 63' lang='grc' dir='ltr'><strong><em>ε</em></strong></span> 
     </span>
     <span class='ocr_line' id='line_1_21' title="bbox 223 2864 963 2946; baseline 0 -18"><span class='ocrx_word' id='word_1_121' title='bbox 223 2866 309 2946; x_wconf 84' lang='lat' dir='ltr'><strong>quod</strong></span> <span class='ocrx_word' id='word_1_122' title='bbox 320 2864 450 2945; x_wconf 87' lang='lat' dir='ltr'><strong>quidem</strong></span> <span class='ocrx_word' id='word_1_123' title='bbox 463 2864 656 2927; x_wconf 87' lang='lat' dir='ltr'><strong>haereticam</strong></span> <span class='ocrx_word' id='word_1_124' title='bbox 670 2864 752 2945; x_wconf 89' lang='lat' dir='ltr'><strong>sapit</strong></span> <span class='ocrx_word' id='word_1_125' title='bbox 764 2865 963 2944; x_wconf 82' lang='lat' dir='ltr'><strong>pravitatem.</strong></span> 
     </span>
    </p>
   </div>
   <div class='ocr_carea' id='block_1_8' title="bbox 224 3014 1140 3416">
    <p class='ocr_par' dir='ltr' id='par_1_15' title="bbox 224 3014 1140 3416">
     <span class='ocr_line' id='line_1_22' title="bbox 224 3014 1109 3102; baseline 0.006 -23"><span class='ocrx_word' id='word_1_126' title='bbox 224 3022 267 3079; x_wconf 87' lang='lat' dir='ltr'><strong>De</strong></span> <span class='ocrx_word' id='word_1_127' title='bbox 280 3016 414 3080; x_wconf 87' lang='lat' dir='ltr'><strong>occultis</strong></span> <span class='ocrx_word' id='word_1_128' title='bbox 424 3016 588 3096; x_wconf 80' lang='lat' dir='ltr'><strong>Judicatnr</strong></span> <span class='ocrx_word' id='word_1_129' title='bbox 600 3017 633 3090; x_wconf 84' lang='lat' dir='ltr'><strong>(l.</strong></span> <span class='ocrx_word' id='word_1_130' title='bbox 641 3014 800 3095; x_wconf 82' lang='lat' dir='ltr'><strong>judicant)</strong></span> <span class='ocrx_word' id='word_1_131' title='bbox 814 3019 850 3077; x_wconf 90' lang='lat' dir='ltr'><strong>nt</strong></span> <span class='ocrx_word' id='word_1_132' title='bbox 862 3016 902 3078; x_wconf 87' lang='lat' dir='ltr'><strong>de</strong></span> <span class='ocrx_word' id='word_1_133' title='bbox 913 3019 1088 3084; x_wconf 83' lang='lat' dir='ltr'><strong>manifestis</strong></span> <span class='ocrx_word' id='word_1_134' title='bbox 1102 3072 1109 3102; x_wconf 80' lang='lat'>‚</span> 
     </span>
     <span class='ocr_line' id='line_1_23' title="bbox 224 3121 1140 3213; baseline 0.005 -27"><span class='ocrx_word' id='word_1_135' title='bbox 224 3128 360 3205; x_wconf 86' lang='lat' dir='ltr'><strong>etqnam</strong></span> <span class='ocrx_word' id='word_1_136' title='bbox 372 3125 405 3198; x_wconf 89' lang='lat' dir='ltr'><strong>(l.</strong></span> <span class='ocrx_word' id='word_1_137' title='bbox 417 3140 512 3202; x_wconf 89' lang='lat' dir='ltr'><strong>quem</strong></span> <span class='ocrx_word' id='word_1_138' title='bbox 522 3126 546 3197; x_wconf 81' lang='lat' dir='ltr'><strong>l)</strong></span> <span class='ocrx_word' id='word_1_139' title='bbox 555 3138 614 3183; x_wconf 88' lang='lat' dir='ltr'><strong>nec</strong></span> <span class='ocrx_word' id='word_1_140' title='bbox 624 3121 781 3186; x_wconf 87' lang='lat' dir='ltr'><strong>confessio</strong></span> <span class='ocrx_word' id='word_1_141' title='bbox 792 3122 952 3186; x_wconf 83' lang='lat' dir='ltr'><strong>convincit</strong></span> <span class='ocrx_word' id='word_1_142' title='bbox 966 3143 1025 3188; x_wconf 89' lang='lat' dir='ltr'><strong>nec</strong></span> <span class='ocrx_word' id='word_1_143' title='bbox 1035 3131 1140 3213; x_wconf 78' lang='lat' dir='ltr'><strong>testis,</strong></span> 
     </span>
     <span class='ocr_line' id='line_1_24' title="bbox 224 3228 1001 3313; baseline -0.003 -18"><span class='ocrx_word' id='word_1_144' title='bbox 224 3233 280 3295; x_wconf 89' lang='lat' dir='ltr'><strong>sed</strong></span> <span class='ocrx_word' id='word_1_145' title='bbox 293 3236 330 3295; x_wconf 90' lang='lat' dir='ltr'><strong>nt</strong></span> <span class='ocrx_word' id='word_1_146' title='bbox 341 3232 375 3307; x_wconf 86' lang='lat' dir='ltr'><strong>(l.</strong></span> <span class='ocrx_word' id='word_1_147' title='bbox 388 3231 500 3305; x_wconf 76' lang='lat' dir='ltr'><strong>sicuti)</strong></span> <span class='ocrx_word' id='word_1_148' title='bbox 513 3228 671 3291; x_wconf 90' lang='lat' dir='ltr'><strong>evidentia</strong></span> <span class='ocrx_word' id='word_1_149' title='bbox 686 3228 725 3290; x_wconf 87' lang='lat' dir='ltr'><strong>de</strong></span> <span class='ocrx_word' id='word_1_150' title='bbox 738 3228 877 3307; x_wconf 87' lang='lat' dir='ltr'><strong>peccatis</strong></span> <span class='ocrx_word' id='word_1_151' title='bbox 891 3231 1001 3313; x_wconf 85' lang='lat' dir='ltr'><strong>gostis,</strong></span> 
     </span>
     <span class='ocr_line' id='line_1_25' title="bbox 225 3334 957 3416; baseline -0.007 -13"><span class='ocrx_word' id='word_1_152' title='bbox 225 3341 378 3403; x_wconf 88' lang='lat' dir='ltr'><strong>damnant</strong></span> <span class='ocrx_word' id='word_1_153' title='bbox 392 3335 617 3416; x_wconf 79' lang='lat' dir='ltr'><strong>decretalibus,</strong></span> <span class='ocrx_word' id='word_1_154' title='bbox 633 3334 757 3415; x_wconf 89' lang='lat' dir='ltr'><strong>scriptis</strong></span> <span class='ocrx_word' id='word_1_155' title='bbox 771 3338 803 3397; x_wconf 89' lang='lat' dir='ltr'><strong>et</strong></span> <span class='ocrx_word' id='word_1_156' title='bbox 817 3334 957 3415; x_wconf 84' lang='lat' dir='ltr'><strong>digestis.</strong></span> 
     </span>
    </p>
   </div>
   <div class='ocr_carea' id='block_1_9' title="bbox 225 3479 1044 3886">
    <p class='ocr_par' dir='ltr' id='par_1_16' title="bbox 225 3479 1006 3778">
     <span class='ocr_line' id='line_1_26' title="bbox 225 3479 986 3561; baseline -0.005 -16"><span class='ocrx_word' id='word_1_157' title='bbox 225 3487 310 3558; x_wconf 85' lang='lat' dir='ltr'><strong>Quos</strong></span> <span class='ocrx_word' id='word_1_158' title='bbox 322 3482 435 3545; x_wconf 84' lang='lat' dir='ltr'><strong>volunt</strong></span> <span class='ocrx_word' id='word_1_159' title='bbox 447 3480 611 3543; x_wconf 86' lang='lat' dir='ltr'><strong>absolvere</strong></span> <span class='ocrx_word' id='word_1_160' title='bbox 624 3479 794 3541; x_wconf 85' lang='lat' dir='ltr'><strong>absolvunt</strong></span> <span class='ocrx_word' id='word_1_161' title='bbox 807 3480 856 3540; x_wconf 87' lang='lat' dir='ltr'><strong>vel</strong></span> <span class='ocrx_word' id='word_1_162' title='bbox 870 3479 986 3561; x_wconf 80' lang='lat' dir='ltr'><strong>ligant,</strong></span> 
     </span>
     <span class='ocr_line' id='line_1_27' title="bbox 226 3586 1006 3669; baseline -0.004 -18"><span class='ocrx_word' id='word_1_163' title='bbox 226 3607 306 3669; x_wconf 87' lang='lat' dir='ltr'><strong>quos</strong></span> <span class='ocrx_word' id='word_1_164' title='bbox 319 3590 433 3652; x_wconf 89' lang='lat' dir='ltr'><strong>volunt</strong></span> <span class='ocrx_word' id='word_1_165' title='bbox 445 3586 612 3667; x_wconf 83' lang='lat' dir='ltr'><strong>alleviant,</strong></span> <span class='ocrx_word' id='word_1_166' title='bbox 631 3603 712 3666; x_wconf 89' lang='lat' dir='ltr'><strong>qnos</strong></span> <span class='ocrx_word' id='word_1_167' title='bbox 724 3587 837 3649; x_wconf 87' lang='lat' dir='ltr'><strong>volunt</strong></span> <span class='ocrx_word' id='word_1_168' title='bbox 851 3586 1006 3669; x_wconf 76' lang='lat' dir='ltr'><strong>fatigant3</strong></span> 
     </span>
     <span class='ocr_line' id='line_1_28' title="bbox 226 3694 864 3778; baseline -0.005 -20"><span class='ocrx_word' id='word_1_169' title='bbox 226 3696 252 3758; x_wconf 93' lang='lat' dir='ltr'><strong>si</strong></span> <span class='ocrx_word' id='word_1_170' title='bbox 265 3696 319 3778; x_wconf 89' lang='lat' dir='ltr'><strong>qni</strong></span> <span class='ocrx_word' id='word_1_171' title='bbox 334 3714 390 3759; x_wconf 91' lang='lat' dir='ltr'><strong>eos</strong></span> <span class='ocrx_word' id='word_1_172' title='bbox 403 3696 536 3758; x_wconf 83' lang='lat' dir='ltr'><strong>forsitan</strong></span> <span class='ocrx_word' id='word_1_173' title='bbox 550 3698 673 3757; x_wconf 87' lang='lat' dir='ltr'><strong>secreto</strong></span> <span class='ocrx_word' id='word_1_174' title='bbox 687 3694 864 3774; x_wconf 79' lang='lat' dir='ltr'><strong>castigant,</strong></span> 
     </span>
    </p>

    <p class='ocr_par' dir='ltr' id='par_1_17' title="bbox 227 3802 1044 3886">
     <span class='ocr_line' id='line_1_29' title="bbox 227 3802 1044 3886; baseline -0.004 -21"><span class='ocrx_word' id='word_1_175' title='bbox 227 3810 351 3886; x_wconf 86' lang='lat' dir='ltr'><strong>ternpus</strong></span> <span class='ocrx_word' id='word_1_176' title='bbox 364 3808 540 3883; x_wconf 73' lang='lat' dir='ltr'><strong>quaerunt,</strong></span> <span class='ocrx_word' id='word_1_177' title='bbox 561 3803 677 3865; x_wconf 88' lang='lat' dir='ltr'><strong>talibus</strong></span> <span class='ocrx_word' id='word_1_178' title='bbox 691 3806 727 3865; x_wconf 91' lang='lat' dir='ltr'><strong>nt</strong></span> <span class='ocrx_word' id='word_1_179' title='bbox 740 3821 874 3882; x_wconf 86' lang='lat' dir='ltr'><strong>poenam</strong></span> <span class='ocrx_word' id='word_1_180' title='bbox 890 3802 1044 3881; x_wconf 81' lang='lat' dir='ltr'><strong>infligant.</strong></span> 
     </span>
    </p>
   </div>
   <div class='ocr_carea' id='block_1_10' title="bbox 137 4050 1246 4289">
    <p class='ocr_par' dir='ltr' id='par_1_18' title="bbox 137 4050 1246 4289">
     <span class='ocr_line' id='line_1_30' title="bbox 159 4050 1246 4115; baseline -0.006 -12"><span class='ocrx_word' id='word_1_181' title='bbox 159 4060 186 4115; x_wconf 79' lang='lat' dir='ltr'><strong>(l)</strong></span> <span class='ocrx_word' id='word_1_182' title='bbox 200 4060 229 4105; x_wconf 82' lang='lat' dir='ltr'><strong>le</strong></span> <span class='ocrx_word' id='word_1_183' title='bbox 243 4059 325 4105; x_wconf 84' lang='lat' dir='ltr'><strong>second</strong></span> <span class='ocrx_word' id='word_1_184' title='bbox 340 4056 494 4102; x_wconf 74' lang='lat' dir='ltr'><strong>hemistichon</strong></span> <span class='ocrx_word' id='word_1_185' title='bbox 505 4058 564 4101; x_wconf 81' lang='lat' dir='ltr'><strong>deux</strong></span> <span class='ocrx_word' id='word_1_186' title='bbox 576 4055 669 4111; x_wconf 76' lang='lat' dir='ltr'><strong>syllanes</strong></span> <span class='ocrx_word' id='word_1_187' title='bbox 732 4053 761 4107; x_wconf 68' lang='lat' dir='ltr'><strong>(a)</strong></span> <span class='ocrx_word' id='word_1_188' title='bbox 776 4051 806 4095; x_wconf 88' lang='lat' dir='ltr'><strong>La</strong></span> <span class='ocrx_word' id='word_1_189' title='bbox 820 4051 918 4108; x_wconf 72' lang='lat' dir='ltr'><strong>papante</strong></span> <span class='ocrx_word' id='word_1_190' title='bbox 928 4050 967 4106; x_wconf 88' lang='lat' dir='ltr'><strong>qui</strong></span> <span class='ocrx_word' id='word_1_191' title='bbox 979 4063 992 4095; x_wconf 89' lang='lat' dir='ltr'><strong>a</strong></span> <span class='ocrx_word' id='word_1_192' title='bbox 1002 4064 1058 4108; x_wconf 87' lang='lat' dir='ltr'><strong>pour</strong></span> <span class='ocrx_word' id='word_1_193' title='bbox 1068 4063 1144 4097; x_wconf 89' lang='lat' dir='ltr'><strong>armes</strong></span> <span class='ocrx_word' id='word_1_194' title='bbox 1156 4056 1246 4110; x_wconf 76' lang='lat' dir='ltr'><strong>symbo-</strong></span> 
     </span>
     <span class='ocr_line' id='line_1_31' title="bbox 137 4113 1245 4179; baseline -0.001 -17"><span class='ocrx_word' id='word_1_195' title='bbox 137 4119 161 4164; x_wconf 82' lang='lat' dir='ltr'><strong>lc</strong></span> <span class='ocrx_word' id='word_1_196' title='bbox 178 4129 239 4179; x_wconf 81' lang='lat' dir='ltr'><strong>trop3</strong></span> <span class='ocrx_word' id='word_1_197' title='bbox 261 4134 315 4166; x_wconf 85' lang='lat' dir='ltr'><strong>sans</strong></span> <span class='ocrx_word' id='word_1_198' title='bbox 330 4122 397 4165; x_wconf 80' lang='lat' dir='ltr'><strong>doute</strong></span> <span class='ocrx_word' id='word_1_199' title='bbox 417 4119 514 4164; x_wconf 85' lang='lat' dir='ltr'><strong>l&#39;anteur</strong></span> <span class='ocrx_word' id='word_1_200' title='bbox 527 4119 589 4163; x_wconf 81' lang='lat' dir='ltr'><strong>avait</strong></span> <span class='ocrx_word' id='word_1_201' title='bbox 602 4116 633 4160; x_wconf 88' lang='lat' dir='ltr'><strong>dit</strong></span> <span class='ocrx_word' id='word_1_202' title='bbox 647 4117 669 4159; x_wconf 84' lang='lat' dir='ltr'><strong>el</strong></span> <span class='ocrx_word' id='word_1_203' title='bbox 703 4114 775 4170; x_wconf 84' lang='lat' dir='ltr'><strong>liques</strong></span> <span class='ocrx_word' id='word_1_204' title='bbox 787 4113 840 4157; x_wconf 82' lang='lat' dir='ltr'><strong>trois</strong></span> <span class='ocrx_word' id='word_1_205' title='bbox 850 4113 908 4164; x_wconf 81' lang='lat' dir='ltr'><strong>cles,</strong></span> <span class='ocrx_word' id='word_1_206' title='bbox 924 4124 992 4169; x_wconf 85' lang='lat' dir='ltr'><strong>parce</strong></span> <span class='ocrx_word' id='word_1_207' title='bbox 1007 4126 1051 4171; x_wconf 88' lang='lat' dir='ltr'><strong>qne</strong></span> <span class='ocrx_word' id='word_1_208' title='bbox 1064 4115 1245 4161; x_wconf 68' lang='lat' dir='ltr'><strong>lesus-Christo</strong></span> 
     </span>
     <span class='ocr_line' id='line_1_32' title="bbox 137 4175 1245 4289; baseline -0.006 -59"><span class='ocrx_word' id='word_1_209' title='bbox 137 4191 231 4289; x_wconf 44' lang='lat' dir='ltr'><strong>mma</strong></span> <span class='ocrx_word' id='word_1_210' title='bbox 252 4182 396 4228; x_wconf 68' lang='lat' dir='ltr'><strong>reimundi</strong></span> <span class='ocrx_word' id='word_1_211' title='bbox 419 4193 448 4225; x_wconf 90' lang='lat' dir='ltr'><strong>ou</strong></span> <span class='ocrx_word' id='word_1_212' title='bbox 469 4193 514 4236; x_wconf 82' lang='lat' dir='ltr'><strong>pro</strong></span> <span class='ocrx_word' id='word_1_213' title='bbox 534 4190 626 4223; x_wconf 76' lang='lat' dir='ltr'><strong>somma</strong></span> <span class='ocrx_word' id='word_1_214' title='bbox 641 4190 668 4220; x_wconf 83' lang='lat' dir='ltr'><strong>re</strong></span> <span class='ocrx_word' id='word_1_215' title='bbox 704 4175 840 4283; x_wconf 43' lang='lat' dir='ltr'><strong>gitessrlslarilnt</strong></span> <span class='ocrx_word' id='word_1_216' title='bbox 854 4177 948 4221; x_wconf 83' lang='lat' dir='ltr'><strong>Picrre:</strong></span> <span class='ocrx_word' id='word_1_217' title='bbox 964 4177 1013 4221; x_wconf 89' lang='lat' dir='ltr'><strong>Tibi</strong></span> <span class='ocrx_word' id='word_1_218' title='bbox 1027 4176 1084 4221; x_wconf 86' lang='lat' dir='ltr'><strong>dabo</strong></span> <span class='ocrx_word' id='word_1_219' title='bbox 1096 4177 1170 4223; x_wconf 86' lang='lat' dir='ltr'><strong>claves</strong></span> <span class='ocrx_word' id='word_1_220' title='bbox 1181 4182 1245 4234; x_wconf 80' lang='lat' dir='ltr'><strong>regni</strong></span> 
     </span>
    </p>
   </div>
   <div class='ocr_carea' id='block_1_11' title="bbox 0 0 1578 5192">
    <p class='ocr_par' dir='ltr' id='par_1_19' title="bbox 0 0 1578 5192">
     <span class='ocr_line' id='line_1_33' title="bbox 0 0 1578 5192; baseline 0 0"><span class='ocrx_word' id='word_1_221' title='bbox 0 0 1578 5192; x_wconf 95' lang='lat' dir='ltr'><strong> </strong></span> 
     </span>
    </p>
   </div>
  </div>
 </body>
</html>
