3146 5192
798 541 962 595 -106-

398 667 470 742 post
485 663 620 726 labentis
633 663 716 727 vilae
730 681 875 746 cursum,
890 667 962 744 post
973 652 1078 728 earnis
1090 665 1210 745 dijugia
1226 671 1268 744 (l)

398 772 522 847 praesta
535 770 626 832 nobis
637 773 742 832 lecum
756 788 825 833 esse
839 771 872 833 in
886 771 1015 834 coelesti
1029 771 1131 852 patria
1145 778 1156 848 l
1179 779 1199 848 ).

399 911 526 972 Summe
537 912 638 989 paler,
653 909 732 972 eoeli
746 914 863 990 rector,
878 909 931 990 qui
945 927 980 973 es
993 910 1062 973 sine
1076 913 1238 993 tempore,

400 1014 451 1077 cui
466 1032 530 1078 non
542 1018 590 1076 est
602 1014 729 1095 pietatis
743 1015 858 1078 modus
871 1033 930 1078 neo
943 1016 1147 1096 clementiae,

400 1123 432 1182 le
444 1120 587 1199 personis
600 1122 671 1183 eolo
682 1121 802 1184 trinum
817 1120 914 1207 unius
925 1123 1131 1184 substantiae.

400 1264 444 1323 Tu
459 1278 493 1322 es
504 1265 604 1341 pater,
620 1264 702 1322 Deus
714 1278 829 1341 verus;
848 1265 931 1323 Deus
945 1263 1020 1323 tuus
1033 1261 1237 1342 unigenitus,

399 1367 439 1429 ab
453 1366 595 1448 utrisque
606 1369 655 1430 est
667 1367 844 1447 procedens
858 1370 941 1429 Deus
956 1366 1234 1447 Sanetusspiritus
1248 1396 1255 1448 3

399 1476 464 1533 tres
476 1489 646 1553 personae,
661 1491 746 1535 unus
758 1476 859 1553 Deus,
876 1472 1002 1535 eunetis
1016 1472 1062 1535 sio
1075 1471 1287 1535 credentibus.

396 1612 465 1671 Ale
478 1612 594 1672 cuncta
607 1627 752 1689 quaeque
765 1609 878 1673 vivunt
892 1610 1077 1673 animantur
1092 1628 1226 1691 corpora
1239 1638 1247 1690 3

395 1730 541 1793 quaeque
553 1714 632 1776 coeli
648 1718 744 1795 alque
758 1718 861 1778 terrae
875 1718 1005 1778 manent
1019 1715 1102 1777 inter
1116 1715 1236 1799 spatia,

397 1821 432 1880 tu
448 1820 625 1901 gubernas,
642 1823 677 1881 tu
693 1819 848 1901 disponiS,
863 1823 962 1902 tuque
975 1821 1060 1901 regis
1074 1819 1190 1883 omnia.

396 1958 488 2020 Velut
501 1960 550 2021 lao
563 1959 674 2022 matris
689 1959 720 2021 in
738 1961 844 2023 alvum
859 1979 909 2022 me
923 1959 1076 2041 mulsisti,
1092 1959 1241 2040 Domine,

396 2061 536 2143 ossibus,
551 2063 657 2125 nervis
671 2068 873 2146 compactum
891 2064 996 2127 earnis
1011 2082 1084 2127 oum
1096 2063 1270 2145 velamine,

396 2188 513 2249 corpus
527 2188 634 2233 meum
648 2170 806 2250 inspirasti
821 2171 885 2233 vita
901 2176 957 2234 luo
971 2173 1108 2234 llamine.

373 2343 376 2349 ν
396 2313 471 2373 Post
482 2328 598 2372 novem
610 2328 736 2373 menses
749 2315 893 2373 materna
909 2312 1015 2373 nudus
1032 2312 1109 2394 liqui
1123 2312 1244 2378 viscera

396 2418 429 2476 et
443 2414 568 2478 duobus
581 2413 674 2477 annis
689 2415 793 2478 infans
807 2415 879 2478 suxi
895 2416 1005 2478 matris
1020 2420 1117 2480 ubera
1130 2445 1138 2500 3

397 2516 480 2578 beu!
496 2515 654 2596 inquibus
665 2517 775 2597 plura,
791 2520 889 2598 Deus,
905 2518 1013 2598 peregi
1029 2520 1182 2583 facinora.

397 2658 537 2735 Namque
549 2654 648 2734 patris
661 2657 784 2717 vultum
800 2655 870 2735 spui
885 2655 968 2717 oaris
984 2654 1016 2716 in
1032 2657 1246 2739 amplexibus,

397 2760 507 2823 matris
521 2778 620 2840 genas
633 2760 768 2823 laceravi
783 2760 889 2841 parvis
902 2760 982 2822 meis
996 2761 1176 2844 unguibuS,

397 2870 429 2927 el
443 2883 593 2945 persaepe
608 2884 757 2928 somnum
771 2866 817 2928 eis
831 2866 934 2928 ademi
948 2866 1118 2945 vagitibus.

397 3009 431 3066 ln
444 3008 579 3067 tesauro
592 3006 794 3086 lontelotus,
810 3007 914 3068 iactus
928 3006 1048 3085 absque
1060 3008 1186 3069 maoula
1200 3055 1208 3087 ,

397 3110 493 3173 fidem
507 3109 562 3172 libi
575 3127 764 3173 conservare
779 3109 934 3191 spopondi
949 3128 1005 3190 per
1022 3113 1172 3192 saecula,

397 3230 492 3293 quam
506 3214 616 3276 infelix
626 3215 757 3294 violavi,
774 3235 839 3279 non
853 3219 927 3296 post
941 3217 1041 3277 multa
1055 3221 1208 3296 tempora.

398 3358 569 3436 Postquam
583 3373 653 3418 sum
667 3374 747 3436 puer
761 3357 913 3437 effectus,
933 3356 1045 3419 relicta
1061 3356 1210 3435 infantia,

399 3479 476 3524 mox
488 3461 528 3523 de
541 3462 647 3541 parvis
661 3463 703 3524 ad
716 3466 838 3543 majora
852 3461 978 3526 cucurri
995 3462 1157 3543 facinora,

399 3585 515 3648 eorpus
528 3571 619 3631 tuum
633 3567 791 3648 perjuravi
807 3569 903 3647 atque
915 3570 1026 3628 saneta
1039 3566 1181 3629 nomina.

401 3712 478 3795 Cum
491 3709 615 3770 latrone
625 3708 672 3770 lui
685 3709 786 3788 latro,
802 3708 900 3769 falsus
917 3723 990 3768 eum
1005 3705 1171 3786 falsidico,

353 3931 381 3989 (ll
395 3931 548 3986 llisjonelion‚
567 3929 712 3986 separation3
731 3941 757 3973 ee
772 3933 831 3979 mol,
848 3928 867 3972 le
903 3928 1004 3984 employe'
1017 3928 1073 3971 dans
1093 3938 1119 3971 ee
1140 3938 1192 3970 sens
1208 3938 1252 3982 que
1268 3938 1309 3983 por
1322 3927 1449 3971 extension.

326 3994 437 4037 contraire
451 3993 478 4038 ile
493 3991 647 4048 Ummium,
662 4002 759 4046 manque
777 3990 833 4033 dous
846 3989 867 4033 la
929 3990 960 4045 (a)
975 3990 1036 4033 Nous
1045 3987 1131 4033 serious
1139 3986 1200 4031 lente
1210 3988 1237 4031 de
1252 3988 1323 4032 croire
1334 4000 1379 4043 que
1388 3988 1451 4031 l’au-

326 4053 427 4098 nouvelle
438 4054 520 4097 edition
538 4053 565 4097 ‹le
583 4053 613 4096 uu
631 4052 721 4108 Gange3
740 4052 797 4095 mais
812 4063 841 4095 on
853 4064 867 4106 v
904 4057 954 4094 leur
967 4052 1028 4095 avait
1038 4050 1076 4094 lini
1090 4050 1118 4093 iei
1136 4061 1177 4093 sou
1191 4054 1268 4105 poenae
1280 4061 1319 4093 sur
1332 4050 1354 4093 la
1366 4049 1450 4094 Venite

326 4121 404 4160 trouve
414 4114 518 4171 Jupiter,
535 4115 601 4169 Unis,
616 4120 638 4158 el
651 4126 707 4158 nous
719 4125 812 4170 orovons
823 4125 868 4168 que
903 4113 932 4156 du
944 4112 1034 4167 monde,
1046 4117 1069 4156 et
1084 4123 1129 4168 que
1140 4112 1160 4155 le
1172 4111 1245 4155 scribe
1259 4124 1272 4167 v
1285 4123 1298 4154 a
1315 4112 1391 4166 ejoule
1403 4124 1449 4154 une

328 4178 359 4220 les
375 4175 514 4220 Benedicllns
531 4182 569 4219 onl
583 4176 627 4218 mal
641 4175 744 4231 explique
755 4175 867 4230 Jupiter,
904 4174 976 4230 prlere
989 4175 1042 4218 dont
1058 4173 1077 4217 le
1096 4173 1200 4229 rhythmo
1211 4178 1244 4216 ost
1257 4173 1277 4216 le
1293 4176 1378 4227 meme,
1391 4173 1449 4216 mais

328 4249 369 4292 pm
388 4237 540 4288 Diutumllus,
564 4237 723 4292 Perpeluilas;
742 4236 755 4278 il
778 4237 813 4278 n'u
834 4237 868 4279 e'te
904 4236 956 4278 dont
968 4236 987 4279 lo
999 4236 1055 4290 slvlo
1067 4241 1101 4279 esl
1112 4234 1227 4289 beaucoup
1238 4234 1309 4278 moins
1320 4234 1433 4290 poetique.
