3112 5194
790 538 965 597 ..343-

405 663 437 724 in
451 664 557 726 medio
568 683 705 746 quorum
718 667 895 731 coadstans
908 686 966 731 rex
979 669 1023 731 ita
1038 671 1122 733 latur
1136 699 1143 732 :

406 770 561 850 «Egregii
574 771 674 852 cives,
690 773 742 836 bic
755 775 804 835 est
816 773 865 837 vir
876 774 993 854 dignus
1006 776 1145 857 bonore,

403 895 500 959 quem
512 880 636 944 socium
648 880 730 944 facio
746 898 900 961 magnum
913 881 973 945 sibi
982 885 1114 963 junctus
1126 901 1249 965 amore,

402 989 440 1048 Et
454 986 543 1066 regni
557 1004 714 1049 summam
728 988 820 1051 trado
833 990 1048 1071 populumque
1062 994 1257 1073 regendum,

403 1093 461 1155 sed
474 1092 518 1156 nil
531 1094 653 1173 mande
664 1097 771 1157 tamen
778 1096 879 1176 jubeo
891 1096 960 1159 sine
974 1115 1026 1160 me
1040 1099 1232 1163 faciendum.
1246 1124 1262 1158 »

403 1201 469 1262 Hoc
480 1199 602 1263 dictum
615 1201 699 1280 regis
712 1202 846 1283 placuit,
862 1203 1032 1284 cunctique
1044 1207 1087 1283 (1)
1100 1206 1250 1269 decenter

402 1322 556 1385 excepere
568 1307 698 1389 ducem,
711 1311 802 1388 paret
816 1327 895 1389 gens
907 1314 975 1374 tota
989 1311 1134 1376 libenter.

404 1414 487 1491 Ergo
501 1412 630 1495 Pilatus,
642 1416 736 1494 juxta
750 1415 879 1479 solitum
894 1417 952 1480 sibi
966 1436 1104 1499 morem,

403 1517 437 1580 in
451 1536 485 1580 se
499 1523 688 1584 cunctorum
699 1523 809 1586 studet
821 1523 976 1588 inclinare
990 1527 1150 1609 favorem,

403 1625 648 1708 Muneribusque
661 1629 728 1692 suis
741 1630 800 1692 sibi
815 1631 973 1712 quoslibet
986 1633 1158 1716 alliciebat,

404 1735 436 1794 et
450 1733 532 1796 fidos
545 1735 649 1800 socios
662 1739 696 1799 et
706 1737 826 1801 amicos
836 1738 1002 1803 efficiebat.

462 1845 632 1921 Postquam
644 1843 763 1907 Pilatus
775 1845 877 1908 cernit
887 1847 945 1909 sibi
960 1853 1076 1912 cuncta
1087 1853 1235 1933 subesse,

404 1945 515 2025 incipit
527 1948 641 2012 Herodi
656 1950 725 2031 regi
739 1951 922 2015 contrarius
935 1970 1023 2033 esse,

404 2056 467 2117 Nec
478 2071 536 2117 sua
547 2055 654 2118 reddit
663 2056 708 2137 ei,
721 2076 781 2122 nec
794 2059 928 2139 dignum
942 2062 1019 2125 dicit
1031 2068 1076 2139 (2)
1087 2067 1221 2149 bonore,

403 2178 463 2223 nec
477 2161 574 2223 tantis
585 2162 706 2225 meritis
719 2164 811 2227 simili
824 2168 995 2247 respondet
1005 2186 1131 2253 amore,

403 2267 464 2330 Sed
474 2267 604 2331 mittens
614 2274 747 2332 Romam
761 2274 994 2352 quamplurima
1008 2266 1092 2341 dona¹
1104 2285 1269 2363 precatur,

404 2376 441 2436 ut
453 2375 507 2455 (3),
523 2375 549 2438 si
559 2378 740 2455 praevaleat
752 2378 839 2459 regi,
853 2396 989 2460 regnare
1000 2384 1135 2448 sinatur,

402 2481 574 2543 Confestim
587 2486 631 2558 (t)
644 2485 759 2546 Caesar
771 2486 932 2549 concessit
942 2494 1058 2553 cuncta
1072 2495 1206 2572 petenti:

403 2605 479 2649 nam
490 2587 620 2668 quaevis
631 2593 750 2652 Romae
758 2591 882 2654 venalia
892 2599 968 2657 sunt
981 2597 1142 2662 tribuenti.

402 2693 544 2756 Caesaris
557 2711 690 2757 assensu
703 2698 852 2761 votorum
866 2699 930 2763 fine
941 2703 1080 2786 potitus,

403 2801 514 2881 arripit
524 2801 692 2882 imperium
702 2803 752 2867 vir
765 2805 808 2867 ad
821 2807 928 2870 omnia
941 2828 1038 2889 prava
1052 2815 1186 2893 peritus.

462 2908 545 2970 Heu!
557 2913 713 2989 quantum
725 2910 852 2976 virtutis
864 2916 962 2978 habes
975 2921 1059 2981 mala
1071 2923 1113 2995 (5)
1125 2924 1215 3003 copia
1228 2927 1344 2991 dandi!

404 3017 463 3074 Per
476 3017 508 3076 te
522 3015 715 3079 damnantur
725 3019 804 3098 justi
819 3022 996 3103 florentque
1007 3028 1153 3111 nefandi,

359 3171 362 3175 .
402 3125 461 3183 Per
475 3124 506 3183 te
520 3124 727 3204 consequitur
736 3127 892 3208 quidquid
902 3148 994 3194 mens
1007 3138 1114 3215 captat
1127 3140 1263 3224 babere3

403 3246 477 3292 nam
488 3230 543 3293 vix
557 3234 606 3293 est
616 3232 744 3314 aliquis,
760 3235 815 3314 qui
828 3253 917 3316 spem
930 3256 996 3301 non
1008 3247 1107 3319 ponat
1120 3244 1242 3312 inaere
1254 3254 1308 3329 (6).

402 3334 539 3416 Surripis
549 3340 592 3414 (7)
602 3355 698 3400 omne
711 3340 832 3402 bonum
843 3346 896 3423 (8),
909 3345 1095 3423 supplantas
1108 3353 1214 3415 omnia
1224 3358 1316 3437 jura,

403 3442 547 3506 illicitum
558 3443 742 3524 licitumque
756 3445 850 3508 simul
862 3447 977 3512 misces
990 3452 1033 3528 (9)
1045 3453 1115 3518 sine
1127 3475 1204 3521 cura
1217 3486 1225 3539 3

402 3551 448 3610 Tu
464 3549 520 3611 das
533 3549 699 3632 ecclesias,
714 3553 929 3635 praebendas,
944 3558 1183 3644 pontificatum,

350 3799 379 3854 (l)
393 3796 426 3853 133
440 3799 475 3852 Α,
489 3797 506 3842 C
521 3803 544 3843 et
553 3803 617 3843 notro
630 3811 675 3844 ms.
691 3800 793 3844 cunctis.
926 3807 956 3862 (5)
968 3806 1028 3852 llali
1036 3821 1078 3866 par
1092 3822 1169 3857 crreur
1179 3814 1235 3859 daus
1244 3821 1309 3862 notra
1319 3829 1363 3862 ms·

351 3876 415 3933 (2)ss
434 3882 457 3922 θῑ
473 3878 503 3934 ⁶3
525 3877 594 3924 ‘3⁰95‘
611 3879 667 3923 ⁶⁸⁰⁸
687 3885 752 3924 ”⁰¹¹⁰
772 3893 816 3925 ¹¹¹³·
841 3886 864 3926 ⁰²
926 3894 954 3949 (6)
969 3895 1011 3941 Ges
1030 3898 1090 3942 deux
1106 3911 1159 3945 vers
1173 3907 1224 3946 sont
1239 3905 1368 3961 transposes
1383 3905 1434 3950 daos

324 3938 380 3983 dans
395 3941 424 3984 Α.

325 4018 385 4124 etlg)¹
397 4017 430 4073 ¹³3
444 4017 506 4075 Μ
522 4018 578 4063 dm
591 4025 655 4064 ”⁰²¹⁰
669 4032 713 4064 ¹⁰⁸·
734 4025 757 4067 θῑ
772 4019 829 4064 ‘¹³⁰⁸
843 4021 862 4064 Α
926 4046 954 4101 (7)
969 4047 1003 4101 Α,
1018 4048 1051 4103 Β,
1066 4049 1098 4103 C;
1111 4051 1210 4096 sobrois
1224 4054 1281 4098 dans
1291 4060 1357 4100 notre
1370 4067 1412 4100 ms.

351 4162 379 4215 (l)
393 4161 425 4214 B3
439 4160 549 4205 continuo
565 4161 622 4206 dans
635 4169 698 4207 uolre
712 4175 755 4207 ms.
773 4170 796 4207 et
807 4164 862 4208 dans
925 4133 954 4188 (8)
968 4134 1000 4189 Β(
1013 4136 1072 4189 A’G
1084 4142 1107 4182 ‘³‘
1116 4145 1178 4183 ¹¹⁰⁸‘0
1191 4153 1234 4185 ¹¹¹⁸·
1249 4146 1289 4184 ⁰¹¹t
1300 4141 1382 4197 ΡΜ

325 4223 356 4275 Α;
369 4220 479 4267 continue
491 4222 547 4266 dans
557 4222 582 4267 G.
926 4224 957 4279 (9)
972 4224 1022 4268 Bet
1033 4225 1062 4278 (ἒς
1073 4227 1092 4270 Α
1104 4233 1127 4271 et
1136 4233 1200 4272 notra
1214 4241 1256 4272 ms.
1275 4235 1314 4274 ont
1325 4232 1431 4275 maaser.

899 3955 929 4010 B,
940 3962 963 4000 et
977 3966 1100 4015 maoquent
1110 3962 1166 4007 daus
1180 3970 1243 4009 notre
1255 3978 1299 4010 ms.
1311 3974 1335 4011 et
1346 3968 1401 4012 daos
1409 3968 1435 4012 Α,
