3146 5192
832 468 994 527 ,(48-

395 598 437 659 La
457 595 607 660 huitieme
627 602 671 677 (t)
693 599 741 658 cst
762 595 908 659 adressee
932 614 974 658 au
997 600 1079 675 Papo
1101 598 1134 657 et
1155 612 1175 657 a
1199 593 1250 657 ete
1267 595 1393 676 puhliee
1414 612 1475 675 par

354 703 476 767 Fiacius
488 703 630 785 illyricus
640 706 700 784 (2),
714 720 771 782 par
783 707 899 784 Leyser
912 703 956 779 (3)
968 706 1001 765 et
1010 720 1068 783 par
1080 705 1118 765 u.
1133 701 1258 783 Wright
1270 705 1332 784 (4),
1348 701 1430 765 dont
1442 704 1474 764 le

355 811 454 890 texte,
468 825 603 889 presque
614 807 822 871 entierement
839 810 1004 872 conforme
1017 826 1059 871 au
1072 807 1248 872 manuscrit
1262 808 1301 870 de
1314 809 1344 870 la
1358 808 1473 870 Biblio

353 909 471 992 theque
482 912 608 993 rogale,
621 916 670 974 est
683 910 920 992 generalement
933 915 997 976 fort
1009 913 1074 976 hon
1084 913 1143 989 (5).

394 1046 436 1105 La
450 1040 614 1105 neuvieme
625 1043 667 1122 (6)
679 1046 727 1104 est
740 1041 884 1105 intituiee
898 1042 978 1105 dans
991 1046 1084 1106 notre
1094 1042 1269 1106 manuscrit
1280 1043 1421 1104 Galterus
1434 1044 1472 1105 de

354 1151 459 1213 Insula
467 1149 650 1230 praedicens
663 1149 825 1212 scolaribus
838 1149 920 1211 bonis
932 1152 966 1212 ie
984 1152 1082 1213 reditu
1101 1169 1155 1212 atto
1173 1171 1193 1213 a
1214 1151 1311 1214 Curia
1324 1170 1468 1231 romano,

353 1260 386 1319 et
400 1274 434 1320 se
447 1260 560 1321 trouve
581 1257 675 1319 d'une
695 1255 836 1320 maniere
849 1255 1111 1321 tres-incorrecte
1123 1257 1203 1321 dans
1216 1274 1281 1321 une
1294 1260 1387 1319 autre
1401 1275 1469 1337 pu-

356 1360 506 1425 blication
518 1361 558 1423 de
572 1363 610 1424 M.
623 1359 747 1442 Wright
758 1365 817 1442 (7);
830 1363 861 1423 la
873 1361 1026 1441 premiere
1037 1364 1167 1442 strophe
1180 1381 1201 1443 y
1214 1377 1354 1441 manuue
1367 1387 1376 1421 t

487 1500 526 1562 Ut
538 1499 678 1560 membra
691 1499 883 1562 cohaereant
896 1498 1031 1563 invicem
1045 1517 1118 1564 cum
1131 1498 1249 1577 capite,

486 1603 623 1684 gaudete
633 1603 666 1666 in
679 1604 831 1686 Domino,
847 1605 930 1668 diem
942 1607 1058 1670 festum
1069 1607 1171 1688 agite,

485 1710 601 1775 hilares
615 1715 647 1776 et
660 1712 756 1775 sobrii
768 1731 842 1776 cum
854 1716 1008 1794 propheta
1022 1713 1137 1777 dicite:

484 1822 613 1883 Laetare
624 1821 819 1883 iherusalem
832 1823 865 1883 et
877 1825 1069 1886 conventum
1083 1823 1186 1887 facite.

387 1971 478 2034 Eniin
499 1974 529 2034 la
551 1971 687 2036 dixieme
707 1974 750 2050 (8)
773 1977 905 2037 estune
930 1977 1110 2041 traduction
1131 1996 1220 2043 assez
1245 1982 1390 2066 elegante
1413 1991 1459 2054 du

344 2092 475 2155 psaume
496 2094 530 2158 n,
553 2095 616 2158 que
640 2095 723 2142 nous
744 2095 882 2160 croyons
905 2079 1038 2164 inedite,
1060 2085 1092 2145 et
1114 2083 1193 2146 dont
1213 2105 1295 2151 nous
1315 2091 1460 2157 citerons

344 2195 467 2242 comme
480 2178 637 2261 specimen
648 2182 695 2243 les
707 2186 820 2262 quatre
833 2182 1003 2262 premieres
1015 2187 1162 2267 strophas
1175 2217 1183 2252 ε

614 2323 695 2383 Dum
707 2322 851 2384 Galterus
866 2326 1047 2403 aegrotaret

614 2427 647 2486 et
660 2428 831 2504 aegrotans
843 2424 1000 2504 cogitaret

655 2533 744 2614 quod
755 2533 796 2595 ad
806 2531 890 2596 vitae
900 2531 1071 2596 terminum

613 2637 782 2699 vocaretur
794 2652 814 2697 a
827 2636 977 2715 Potente,

611 2740 700 2802 metu
714 2737 826 2802 mortis
838 2736 1038 2821 imminente,

650 2841 809 2907 invocavit
819 2841 997 2906 Dominum.

613 2969 758 3033 Miserere
771 2969 852 3052 mei,
872 2973 971 3052 Deus,

615 3072 689 3154 quia
702 3072 808 3156 miser,
822 3073 896 3154 quia
910 3075 1013 3138 reus!-

650 3179 842 3244 Delictorum
855 3182 944 3244 oneri

548 3349 552 3356 ,
613 3286 708 3364 atque
719 3286 799 3364 jugo
813 3285 1024 3366 subjugatus,

613 3386 655 3449 ad
667 3389 700 3448 te
713 3388 828 3450 clamat
840 3390 986 3470 epulatus

648 3491 682 3554 in
701 3493 858 3557 fennento
870 3494 979 3559 veteri.

363 3718 393 3775 (4)
407 3717 452 3763 Fot.
465 3721 506 3772 44,
521 3729 597 3772 verso,
612 3718 652 3763 cot.
665 3725 685 3763 4.
909 3720 964 3765 dans
975 3720 996 3767 ic
1007 3732 1049 3767 ms.
1061 3723 1089 3769 dc
1100 3723 1200 3782 Leipsick
1212 3729 1286 3785 public
1303 3744 1344 3789 per
1357 3735 1450 3795 heym,

362 3791 392 3846 (2)
404 3789 438 3834 ne
448 3791 559 3846 compto
568 3788 688 3835 Ecclesiae
699 3792 774 3844 stote,
787 3804 808 3847 p.
819 3795 842 3835 a.
908 3783 931 3827 ni
941 3784 996 3828 dens
1008 3785 1065 3830 cetui
1074 3786 1102 3832 dc
1111 3787 1185 3833 Paris.

361 3861 390 3917 (δ)
417 3859 527 3905 Historia
545 3862 679 3917 poematum
704 3862 728 3904 et
746 3863 872 3917 poetaram
934 3853 962 3909 (6)
977 3854 1074 3911 F⁰¹·⁴3‚
1087 3860 1221 3915 ver-secu.
1234 3869 1254 3907 4.

334 3920 489 3976 meditaret,
502 3935 524 3978 p.
537 3926 585 3968 779.
932 3924 961 3981 (7)
974 3925 1091 3971 anecdota
1106 3927 1236 3984 literaria,
1251 3945 1273 3990 p.
1286 3935 1312 3978 44
1319 3948 1326 3991 ;
1342 3935 1373 3979 tes
1384 3948 1447 3993 qua.

360 3993 388 4048 μ)
401 3990 506 4048 mam,
524 3997 594 4049 ,gg-1,
907 3991 972 4030 rante
990 3988 1049 4032 dcun
1069 3988 1169 4036 derniers
1186 4004 1238 4038 vers
1256 3995 1283 4040 dc
1304 3994 1400 4042 i’edition
1419 3999 1448 4044 dc

360 4062 389 4118 (5)
409 4061 452 4107 les
472 4063 524 4107 trois
543 4063 665 4120 premieres
684 4062 786 4118 strophas
803 4072 831 4105 no
846 4072 871 4106 sc
906 4046 1032 4106 stwl'ffeffl
1041 4057 1161 4109 ¹¹1⁸¹¹ti¹¹t²¹¹t
1170 4053 1226 4103 dans
1235 4055 1255 4102 le
1265 4070 1307 4103 ms.
1316 4059 1344 4103 dc
1353 4057 1444 4106 ith.

334 4129 437 4167 trouvent
455 4124 477 4167 ni
498 4124 554 4170 dans
568 4125 589 4170 lc
605 4131 665 4169 teste
678 4125 705 4169 de
723 4123 825 4176 Flauius,
848 4125 870 4167 ni
932 4129 961 4185 (8)
974 4127 1021 4175 Fol.
1031 4134 1072 4188 44,
1084 4143 1162 4189 verso,
1177 4135 1219 4180 coi.
1231 4141 1253 4180 4.
