3160 5196
840 527 1002 586 ..408-

500 650 602 716 laetus
614 656 647 715 et
660 652 821 719 admirans
834 653 877 716 ad
889 671 948 716 sua
961 653 1096 734 quisque
1110 652 1203 717 redit.

460 762 582 823 Taurus
595 778 669 823 cum
682 763 750 825 solo
762 763 850 825 solus
861 763 1057 828 uamomete
1069 761 1232 841 remansit,

502 872 536 930 at
548 870 727 949 Machomes
739 868 828 931 iilum
841 869 955 932 elausit
965 873 1003 932 ut
1015 873 1090 953 ante
1100 872 1181 950 fuit,

461 979 500 1040 Et
511 978 661 1057 pascebat
673 994 747 1040 eum
758 976 836 1039 dum
848 975 929 1040 vixit
940 980 979 1040 ut
990 980 1067 1040 aute
1079 978 1222 1058 solebat,

501 1100 536 1147 se
549 1086 657 1146 tamen
667 1087 802 1164 excepto
815 1100 910 1148 nemo
921 1083 1051 1148 videbat
1064 1101 1156 1165 eum,

462 1194 602 1270 Cumque
614 1193 782 1270 rogaretur
794 1192 973 1254 Maebomes
985 1208 1050 1272 quo
1063 1193 1176 1254 taurus
1189 1190 1326 1271 abisset,

502 1314 666 1378 perquem
680 1296 719 1359 de
733 1297 824 1361 coelo
835 1298 889 1360 lex
902 1314 985 1361 nova
995 1295 1092 1360 missa
1108 1299 1212 1378 foret,

462 1401 510 1464 Ad
524 1416 658 1483 superos
668 1401 758 1466 illum
770 1404 949 1467 Machomes
962 1402 1088 1466 dicebat
1098 1403 1143 1479 (1)
1156 1403 1279 1485 abisse,

502 1510 590 1573 unde
602 1509 718 1590 petisse
730 1511 818 1592 prius
829 1511 893 1575 ima
907 1512 1043 1577 dooebat
1054 1529 1140 1575 eum.

463 1615 641 1679 Credebant
652 1616 807 1698 quidquid
823 1619 1028 1682 Maobometis
1039 1621 1081 1683 ab
1093 1637 1149 1683 ore
1162 1620 1299 1685 sonabat

505 1741 543 1786 ac
554 1722 580 1785 si
594 1724 739 1802 coelestis
752 1725 884 1788 nuntius
896 1724 949 1788 ille
961 1727 1043 1789 soret
1056 1754 1064 1788 z

464 1828 641 1892 Credebant
654 1829 838 1911 igiturquia
851 1834 963 1894 taurus
978 1832 1020 1895 ad
1033 1836 1119 1895 astra
1133 1848 1297 1912 regressus

505 1935 659 2000 virtutum
671 1955 805 2002 numero
816 1938 1021 2002 consociatus
1034 1942 1123 2002 erat:

465 2044 641 2109 Credebant
654 2046 849 2109 Machamem
863 2045 954 2108 terris
965 2045 1038 2109 ideo
1052 2061 1236 2125 superesse,

507 2155 543 2213 ut
555 2151 673 2231 praesit
686 2152 807 2215 mundo
821 2169 894 2214 oum
907 2156 989 2214 Deus
1002 2154 1088 2214 astra
1100 2154 1202 2231 regat.

467 2282 520 2345 His
533 2283 577 2344 ita
591 2284 774 2365 transactis,
789 2284 916 2348 modico
933 2286 1006 2364 post
1018 2287 1176 2365 tempore,
1192 2302 1266 2346 oum
1276 2284 1344 2363 jam

509 2407 587 2469 gens
601 2408 658 2454 sua
672 2394 741 2453 tuta
755 2391 831 2455 satis
842 2392 901 2454 sub
912 2393 1108 2454 Maobomete
1121 2392 1224 2471 foret,

467 2498 712 2558 insurrexerunt
723 2496 756 2558 in
770 2514 841 2578 oos,
857 2515 936 2576 gens
946 2496 1062 2578 effera,
1077 2502 1190 2559 Persae

508 2600 616 2662 omnia
629 2602 790 2665 restantes
801 2601 894 2682 igne,
910 2605 993 2665 tame
1002 2652 1012 2683 ,
1027 2602 1151 2684 gladio,

469 2708 610 2787 Namque
620 2708 836 2788 querebantur
848 2709 1016 2772 idumaeos
1026 2709 1138 2773 fraude
1150 2710 1260 2771 tenere

506 2812 587 2892 juris
600 2818 766 2877 Persarum
779 2815 920 2897 praedia,
934 2819 1050 2896 eastra,
1067 2815 1178 2879 domos
1192 2844 1200 2876 ι

470 2918 631 2993 Quae-nisi
648 2921 829 3004 restituant,
845 2938 989 3003 possessa
1002 2921 1166 2986 minantur
1178 2939 1289 2985 eorum

510 3027 706 3108 subjicienda
718 3030 821 3092 modis
834 3030 981 3093 omnibus
995 3028 1103 3093 exitio.

471 3132 596 3196 Talibus
610 3134 744 3217 auditis,
755 3137 902 3199 turbatur
914 3153 993 3216 gens
1005 3135 1171 3216 Idumaea,

513 3248 545 3306 et
561 3246 671 3308 eontra
685 3249 794 3307 Persas
802 3244 885 3306 bella
899 3246 1008 3306 tenere
1023 3241 1065 3320 (2)
1077 3243 1203 3322 parant.

471 3353 618 3414 Attamen
632 3348 714 3412 inter
728 3351 847 3430 eosqui
862 3348 994 3413 oonsilio
1006 3347 1153 3411 meliores

513 3474 582 3520 esse
596 3457 799 3537 videbantur,
815 3456 912 3519 eorde
924 3456 973 3521 vel
986 3471 1042 3517 ore
1053 3470 1182 3534 graves,

471 3567 551 3626 Ante
564 3563 791 3643 requirendum
804 3563 997 3643 persuadent
1011 3580 1030 3624 a
1043 3561 1240 3625 Maebomete

510 3689 607 3752 quam
621 3670 733 3734 contra
746 3676 857 3733 Persas
870 3672 932 3733 tale
943 3669 1021 3750 quid
1033 3667 1208 3747 incipiant(
1230 3672 1252 3743 ).

472 3777 531 3854 Qui
544 3777 706 3857 respondit
719 3794 775 3840 eos
786 3795 851 3839 non
864 3792 957 3857 posse
968 3773 1116 3863 resistere
1128 3772 1251 3853 Persis,

402 4027 430 4083 (ί)
444 4025 559 4083 Fioqebot
570 4025 626 4070 dans
640 4025 667 4069 A.
950 4035 979 4068 en
997 4034 1077 4079 proso3
1092 4022 1149 4066 ainsi
1167 4032 1196 4065 ou
1215 4026 1295 4065 trouve
1313 4019 1371 4066 daos
1385 4021 1492 4069 Gioerou:

403 4089 433 4143 (a)
448 4087 539 4132 Movere
554 4088 609 4131 dans
620 4086 648 4130 B.
670 4106 674 4110 ·
951 4085 973 4129 si
985 4085 1006 4129 ei
1021 4084 1163 4139 eontigisset,
1177 4088 1202 4126 ut
1217 4088 1239 4127 te
1250 4088 1303 4127 anto
1322 4083 1410 4128 rideret
1428 4091 1492 4141 quam

402 4151 431 4205 to)
451 4149 514 4194 Getta
528 4148 597 4192 tmtse
614 4148 762 4204 d’outequam
779 4148 834 4192 ttait
847 4145 914 4203 quei·
951 4159 964 4190 a
978 4146 1025 4191 rita
1038 4145 1177 4198 discederem
1198 4143 1320 4200 Epistulae
1334 4145 1368 4190 ud
1381 4144 1492 4202 saeuitia-

376 4210 540 4267 quotoisusitte
549 4211 605 4255 daus
615 4211 636 4255 ia
648 4209 720 4255 bonno
729 4209 828 4260 latinitd.
841 4210 914 4253 meme
949 4220 999 4260 rea,
1014 4207 1028 4251 Ι.
1042 4220 1071 4260 ιι,
1086 4207 1182 4251 iettrea.
