3146 5192
608 458 771 513 -159—

229 575 422 637 mendicanti
437 577 480 652 (1)
494 576 601 655 pallidi
615 578 648 651 (l.
662 576 791 651 Palladi)
806 592 888 654 quae
901 576 982 637 solet
995 577 1122 655 vigere,

230 698 303 742 nam
317 681 341 743 si
356 699 488 744 nummo
500 699 624 762 careas,
644 680 721 744 loris
736 681 912 761 expellere,

229 786 295 866 ipse
305 787 378 850 licet
394 788 502 851 venias
514 789 608 851 Musis
621 788 805 868 comitatus,
819 792 962 850 Homere.

231 920 304 982 Axis
319 921 492 1002 magisterii
507 923 626 985 fractus
640 924 689 983 est
707 923 740 984 et
754 922 907 1000 tllrJem03

230 1026 331 1090 audiri
345 1027 371 1090 si
386 1027 530 1109 cupiam,
552 1028 714 1090 auditores
728 1045 819 1108 emo,

230 1134 290 1195 hoc
304 1137 353 1197 est
366 1136 453 1198 unde
464 1152 642 1216 conqueror
654 1139 716 1215 (2),
731 1136 793 1197 hoc
806 1136 855 1196 est
870 1133 954 1195 unde
969 1149 1061 1212 gemo
1079 1161 1087 1193 ι

230 1240 310 1303 scire
320 1243 433 1305 volunt
444 1260 569 1324 omnes,
586 1242 765 1305 mercedem
780 1243 902 1304 solvere
915 1258 1020 1303 nemo.

229 1377 323 1439 Senes
334 1376 484 1440 avaritiae
497 1379 573 1439 sunt
583 1375 695 1438 imbuti
709 1377 798 1456 felle,

229 1482 307 1546 odor
320 1484 400 1546 lucri
413 1483 519 1564 pueris
532 1483 656 1546 dulcior
669 1486 717 1545 est
729 1484 821 1545 melle
834 1511 842 1544 ι

229 1591 311 1652 nolle
323 1589 525 1671 pudicitiam,
540 1607 688 1652 nummos
702 1591 810 1651 autem
822 1589 903 1650 velle
918 1614 926 1668 3

229 1695 289 1758 boc
305 1696 432 1760 diseunt
445 1700 580 1774 [omnes]
594 1699 669 1759 ante
681 1696 775 1775 alpha
787 1698 819 1758 et
832 1695 928 1789 betha
942 1698 985 1769 (3)
997 1694 1130 1773 puellae.

229 1830 257 1894 Si
271 1833 357 1894 reete
371 1830 411 1892 de
425 1829 502 1892 vitio
515 1828 627 1892 vitium
642 1827 780 1909 derives,

228 1937 254 1999 si
268 1937 307 2000 de
322 1936 419 2017 gestis
433 1938 581 2000 consulas
594 1939 636 2016 (l)
649 1937 844 1999 Athenarum
858 1935 961 2016 cives,

229 2044 309 2107 inter
322 2047 414 2107 aetus
426 2043 544 2106 saeculi
556 2060 671 2123 pravos
685 2045 717 2105 et
730 2042 886 2123 declives,

228 2148 457 2213 intolerabilius
467 2150 546 2213 nihil
559 2152 608 2212 est
620 2168 716 2230 quam
729 2149 846 2212 femina
860 2149 958 2213 dives.

228 2285 292 2344 lloc
304 2282 347 2360 (5)
360 2281 479 2345 idcirco
494 2281 644 2363 dixerim,
659 2299 699 2343 ne
716 2281 786 2359 quis
798 2281 866 2343 sine
880 2283 1003 2344 macula

228 2387 344 2450 semina
357 2390 389 2468 (l.
406 2388 550 2468 feminas)
563 2387 722 2451 existimet
736 2406 871 2468 quarum
885 2388 994 2468 lingua
1005 2391 1128 2472 jacula,

228 2493 419 2558 fascinantes
432 2495 532 2576 oculi,
550 2494 639 2574 digiti
652 2497 823 2558 novercula
837 2498 870 2571 (l.
885 2498 1068 2575 novacula),

226 2601 282 2663 sed
296 2620 315 2664 a
328 2601 514 2665 diverticulo
528 2605 691 2681 repetatur
705 2604 821 2665 fabula.

226 2733 291 2795 Filii
306 2733 476 2814 nobilium,
491 2734 567 2796 dum
584 2737 660 2797 sunt
669 2734 830 2817 juniores,

227 2841 398 2904 mittuntur
411 2841 444 2904 in
457 2841 621 2904 Franciam
633 2843 676 2917 (6)
690 2842 757 2904 fieri
771 2842 935 2924 doctores,

228 2967 308 3028 quos
320 2967 413 3030 prece
428 2951 476 3013 vel
490 2948 591 3029 pretio
606 2950 737 3012 domant
749 2953 966 3031 corruptores,

227 3056 272 3118 sie
285 3058 448 3119 artaxatos
460 3058 493 3132 (l.
504 3059 732 3136 praetextatos)
740 3061 784 3132 (7)
795 3040 938 3120 relerunt
946 3061 1093 3120 artaxata
1104 3077 1221 3122 mores.

190 3284 192 3287 Ι
227 3193 327 3254 llores
339 3191 437 3253 habet
449 3194 491 3268 (8)
503 3190 660 3252 Barbarus
677 3191 707 3266 (l.
720 3191 838 3253 habent
848 3191 1001 3253 barbaros
1011 3193 1050 3270 t),
1071 3191 1200 3255 Latinus
1213 3198 1246 3256 et

226 3299 271 3362 sie
285 3297 434 3360 sacerdos
446 3299 484 3358 ut
495 3296 583 3375 plebs
597 3299 661 3376 est,
673 3313 805 3358 coecum
818 3295 907 3358 ducit
922 3313 1037 3359 coecus
1049 3322 1058 3377 3
1073 3299 1222 3372 [Graecus
1234 3328 1242 3384 3

158 3544 185 3599 (Ι)
198 3544 225 3587 P.
237 3546 288 3595 ¹623
305 3535 436 3583 medicanti.
457 3535 489 3579 La
500 3537 573 3578 meme
585 3534 633 3578 idee
645 3546 669 3578 se
729 3535 759 3589 (5)
773 3535 800 3577 P.
816 3539 869 3589 1623
884 3532 1011 3590 alphabeta.

134 3611 234 3650 retroure
255 3604 311 3647 dans
333 3601 392 3644 deux
412 3603 488 3642 autres
510 3597 622 3653 strophas,
645 3611 668 3654 p.
729 3615 758 3670 (l)
773 3613 974 3670 p4323wnsu113

135 3672 171 3712 ¹5⁷
183 3699 257 3773 'Adora
264 3737 374 3780 pecuniam,
384 3735 417 3776 qui
426 3735 473 3767 Deos
482 3734 559 3773 adoran
730 3695 760 3750 (5)
775 3696 801 3739 P·
815 3699 868 3749 1623
883 3695 949 3738 liaeo.

195 3794 228 3816 cur
237 3788 296 3816 utrum
305 3779 511 3815 montecornuto
520 3778 613 3810 honores?
730 3775 759 3829 (6)
773 3773 1015 3825 b'ile-de-Frauce,
1040 3772 1093 3815 dont
1118 3771 1149 3814 les
1172 3768 1245 3813 eccles

196 3831 269 3905 {1⁰25ss
277 3823 611 3911 {ffiffifffflfflfflfssffiu
700 3837 832 3893 iouissaient
845 3835 911 3879 d'une
925 3836 1009 3891 mande
1020 3832 1134 3878 celebrite.

196 3934 280 3974 Disputat
290 3933 411 3973 philosophus
419 3940 478 3963 veeuo
488 3933 556 3962 cratera
729 3924 757 3978 (7)
771 3922 887 3966 Anecdola
896 3921 1018 3975 literaria,
1029 3933 1051 3977 p.
1063 3924 1105 3975 383
1120 3922 1244 3975 pidelan·

196 3977 325 4019 “mmm
333 3976 552 4015 minunmtsutrequam
560 3953 638 4014 ΜΝ)
703 3992 757 4029 tos:
778 3985 833 4029 e’eet
847 3996 877 4028 un
895 3994 947 4027 vers
970 3983 997 4028 de
1021 3982 1127 4033 Juvenal,
1150 3984 1192 4024 sat.
1214 3989 1246 4033 n,

195 4032 238 4055 num
247 4022 263 4054 sl
272 4030 343 4063 pauper
351 4021 419 4060 fueris,
429 4021 477 4053 lorea
487 4020 587 4059 expellere,

196 4068 233 4107 lpse
239 4067 283 4099 licet
291 4067 356 4099 venias
365 4065 423 4098 must·
432 4065 537 4105 comitatus,
548 4064 633 4095 Homero.
703 4060 724 4091 V.
738 4051 787 4091 170.

157 4131 185 4186 (2)
197 4132 223 4175 P.
233 4136 285 4187 (δὴ
300 4132 395 4176 doleam.
731 4126 758 4181 (8)
773 4123 890 4168 Acerdota
903 4121 1026 4176 literaria,
1038 4134 1060 4177 p.
1070 4122 1109 4177 583
1121 4121 1214 4166 habent.
