3146 5192
772 517 938 577 -lat-

435 666 530 728 seque
545 648 698 710 dilaniant
708 664 797 710 more
810 646 1003 726 serpentium
1016 672 1024 725 3

435 756 474 818 Ut
486 771 581 816 canes
595 754 763 817 eonfenmt
776 752 956 815 inimicitias

435 863 531 940 atque
543 860 702 923 latrabiles
716 862 817 940 agunt
829 858 980 939 insidias,

436 965 465 1030 Si
480 965 597 1029 debent
609 965 701 1029 silere
713 966 830 1046 templo
841 965 891 1029 vel
904 965 1023 1046 epulis,

435 1073 609 1152 loquuntur
622 1075 654 1136 et
665 1075 788 1135 oortant
799 1071 900 1154 signis
911 1075 944 1134 et
958 1071 1069 1135 oculis.

436 1180 874 1242 Laetanturdaemones'oum
887 1179 967 1240 haec
980 1177 1157 1257 aspiciunt,

436 1288 468 1347 et
480 1304 612 1366 peecare
624 1285 726 1366 magis
739 1289 907 1368 peccantes
925 1284 1063 1365 iaciunt,

435 1389 494 1466 Qui
507 1394 632 1454 tantum
645 1390 761 1456 invidis
773 1391 955 1454 ministrant
968 1390 1096 1471 odium,

436 1499 521 1577 quod
535 1499 615 1562 ordo
629 1499 762 1579 vertitur
773 1498 833 1562 illis
846 1499 880 1563 in
893 1498 1045 1561 taedium.

436 1609 618 1685 Suggerunt
630 1606 801 1668 daemones
813 1604 874 1668 illis
887 1604 1055 1685 invidiam,

436 1712 578 1793 iramque
590 1712 765 1793 seminant,
784 1715 929 1793 plantant
942 1710 1132 1774 discordiam
1145 1737 1155 1790 ς

436 1824 541 1882 Bonos
554 1836 588 1882 se
601 1819 723 1900 fingere
735 1822 852 1900 rogant
864 1817 1062 1901 hypocritam,

433 1929 538 2007 iustos
548 1943 583 1989 se
594 1927 699 1991 dicere
712 1930 833 2008 cogunt
845 1929 1017 2007 apostatas,

436 2037 514 2096 Nam
527 2033 602 2097 vieti
616 2034 741 2114 plurimi
756 2034 947 2098 daemonum
961 2032 1085 2094 artibus
1214 2054 1220 2065 ’

438 2143 471 2203 et
483 2140 574 2203 malis
587 2139 682 2203 illecti
696 2139 912 2220 suasionibus,

437 2251 513 2309 Tam
524 2252 623 2311 Deum
635 2265 731 2328 quam
744 2249 815 2312 loca
827 2247 991 2310 dimittunt
1008 2250 1121 2312 leviter

438 2352 470 2414 in
484 2355 599 2434 quibus
614 2357 770 2419 voverunt
781 2357 867 2417 stare
880 2352 1042 2418 stabilitor.

438 2464 492 2523 Est
504 2461 605 2523 virtus
618 2460 726 2540 itaque
737 2479 854 2541 magna
870 2461 1005 2542 diaboli,

437 2587 493 2648 per
506 2586 601 2648 quem
612 2566 748 2631 convicti
762 2570 838 2630 sunt
850 2567 947 2630 etiam
960 2567 1125 2646 monaehi,

438 2675 497 2753 Qui
510 2675 600 2756 prius
611 2677 738 2737 inerant
750 2673 860 2736 famuli
873 2674 1016 2755 Domini,

439 2786 472 2847 et
483 2783 580 2846 modo
594 2762 786 2844 daemonum
799 2780 874 2844 laeti
887 2784 963 2848 sunt
975 2780 1064 2844 socii.

437 2896 472 2954 ln
486 2889 577 2953 terris
590 2888 688 2969 igitur
700 2888 792 2968 pauci
806 2891 883 2951 sunt
893 2886 1022 2951 ordines

437 3014 574 3078 quorum
587 3014 652 3059 non
666 2995 788 3076 aliquos
800 2994 992 3060 convincant
1006 2993 1197 3056 daemones:

439 3104 615 3167 Vincuntur
628 3102 746 3166 etenim
759 3102 813 3184 qui
827 3103 869 3166 ad
882 3103 944 3166 hoo
957 3103 1120 3166 saeculum

439 3212 574 3275 redeunt
586 3211 683 3276 veluti
697 3228 793 3274 osnes
807 3211 849 3273 ad
860 3209 1026 3274 vomitum.

378 3317 384 3332 '
438 3318 741 3400 nnbaoessuporhis
754 3317 1103 3398 oorhahentimpium,

437 3427 491 3507 qui
504 3426 614 3490 sinunt
626 3426 708 3488 filios
721 3425 808 3489 abire
820 3425 997 3506 perditum,

436 3532 495 3607 Qui
507 3550 672 3613 nunquam
684 3533 837 3595 revocant
847 3531 918 3595 illos
931 3549 950 3594 a
961 3531 1136 3611 mortibus,

436 3657 517 3720 quos
527 3639 593 3702 suis
607 3640 759 3703 deberent
769 3641 886 3701 reterre
899 3638 1055 3702 manibus.

435 3750 544 3826 ltaque
558 3745 729 3810 daemones
742 3748 851 3827 culpas
861 3745 1072 3825 multiplicant
1084 3773 1091 3826 3

435 3853 489 3933 qui
503 3852 548 3916 sio
561 3853 600 3915 de
612 3853 684 3916 liliis
697 3854 738 3916 ad
750 3857 858 3915 Patres
871 3854 1059 3933 convolant,

434 3964 474 4025 Ut
484 3965 591 4026 Patres
605 3962 772 4040 culpentur
787 3961 825 4023 de
839 3959 1047 4039 negligentia,

433 4072 466 4129 et
477 4067 565 4148 pravi
580 4068 634 4131 filii
649 4068 689 4130 de
703 4066 871 4149 apostasia.

434 4174 554 4236 Accidit
568 4175 677 4237 itidem
690 4174 729 4235 de
743 4173 967 4254 Regularibus,
