3112 5194
803 458 969 513 -350—

411 603 471 650 nee
483 586 676 649 ludaeorum
689 600 761 648 sese
770 586 968 667 conjungere
978 583 1068 663 sorti,

408 696 510 775 Atque
523 691 645 756 remisit
657 708 732 755 eum
743 690 859 772 Pilato,
873 689 928 772 qui
938 692 1146 771 reproborum

407 800 496 865 Votis
507 817 545 864 ae
557 798 704 880 precibus
716 815 824 878 regem
836 797 996 863 crucifixit
1010 815 1122 861 eorum
1133 803 1187 875 (1).

408 904 546 987 0()ι)(1)ῑ
560 907 729 987 quantum,
738 908 807 969 Rex
821 904 955 986 Christe,
967 904 1057 967 dabit
1063 907 1119 968 tua
1128 905 1192 968 vita
1205 907 1351 990 beandis,

407 1016 500 1095 cujus
510 1030 598 1077 mors
610 1029 723 1093 paoem
735 1014 861 1075 confert
872 1011 972 1075 etiam
985 1012 1194 1092 reprobandis
1204 1014 1271 1094 (3)!

407 1125 488 1185 Dum
494 1120 614 1202 patitur
624 1118 786 1199 Christus,
801 1120 895 1183 tellus
911 1118 1019 1182 tremit
1029 1121 1126 1200 atque
1138 1124 1289 1183 movetur

409 1245 469 1291 nee
479 1231 587 1291 umen
599 1229 643 1302 (l)
655 1242 726 1290 esse
737 1229 838 1289 Deum
847 1225 1008 1289 Christum
1018 1226 1137 1289 iudaea
1149 1228 1292 1305 fatetm(
1314 1234 1335 1308 ).

408 1335 492 1399 lleu!
508 1352 587 1415 gens
600 1351 695 1397 caeca
708 1332 802 1397 nimis
815 1337 860 1409 (6)
874 1332 883 1397 i
897 1336 966 1397 Heu
978 1331 986 1395 Ξ
1001 1332 1066 1397 filia
1080 1333 1284 1418 perditionis,
1298 1374 1306 1417 ,

409 1461 493 1526 quae
505 1444 695 1506 salvatorem
705 1439 828 1505 socium
839 1439 916 1504 facis
928 1457 999 1504 esse
1009 1441 1160 1505 latronis!

408 1555 509 1630 Aegra
523 1547 608 1628 fugis
620 1545 798 1629 medicum,
811 1545 910 1611 vitam
923 1546 1080 1611 moritura
1091 1548 1234 1630 repellis,

408 1653 544 1736 porrigis
556 1653 679 1734 inpetu
690 1652 809 1717 sitienti
824 1655 940 1733 poeula
951 1653 1044 1717 tellis.

407 1761 560 1827 Omnibus
573 1759 709 1841 impletis
720 1766 774 1842 (7),
789 1777 879 1824 saera
893 1779 976 1841 quae
989 1761 1146 1842 seriptura
1161 1762 1283 1825 ferebat
1294 1768 1351 1844 (8),

406 1868 536 1950 ponitur
548 1867 581 1929 in
595 1869 755 1931 tumulum
770 1868 922 1931 Dominus
941 1867 996 1948 qui
1010 1871 1128 1933 cuneta
1144 1870 1279 1949 regebat
1293 1875 1350 1946 (1)).

472 1986 547 2047 Post
558 1988 696 2047 mortem
709 1983 845 2066 Domini,
856 2002 930 2047 eum
939 1984 1009 2047 Tito
1021 1985 1232 2065 Vespasianus

409 2093 565 2171 regnabat
572 2095 708 2172 Romae,
723 2092 780 2155 sed
792 2098 855 2171 (1ο)
866 2096 980 2156 neuter
992 2110 1126 2173 corpore
1139 2111 1248 2157 sanus.

408 2198 495 2262 Titus
508 2201 667 2279 leprosuS,
682 2217 779 2263 nasus
789 2217 917 2281 quoque
927 2200 1109 2281 Vespasiani

409 2307 523 2386 plenus
534 2308 603 2369 erat
614 2305 734 2387 vespisz
747 2306 917 2388 studioque
928 2309 1112 2388 frequenter
1121 2307 1208 2371 inani

410 2414 575 2475 vexabant
587 2411 745 2494 medicos,
757 2412 812 2494 qui
825 2412 871 2476 nil
883 2413 1035 2494 prodesse
1046 2415 1110 2489 (11)
1121 2414 1272 2478 valebant

410 2521 443 2580 et
451 2535 510 2580 sua
522 2517 665 2580 frustrari
683 2518 778 2581 nimis
790 2518 1008 2599 experimenta
1020 2520 1183 2585 dolebant.

410 2623 573 2687 Finitimas
585 2626 681 2688 urbes
693 2625 782 2688 Titus
792 2630 991 2707 Romamque
1005 2628 1154 2709 regebat,

410 2729 564 2794 oooiduae
577 2731 677 2811 partis
687 2734 742 2812 jus
755 2732 966 2813 Vespasianus
979 2734 1128 2797 babebat.

411 2838 584 2901 audierant
595 2840 659 2915 (11)
672 2838 831 2903 Christum
843 2843 994 2904 cunctum
1006 2857 1136 2904 curasse
1149 2838 1291 2902 dolorem

410 2946 444 3007 et
454 2960 601 3024 reparare
614 2963 709 3007 suurn
723 2947 871 3025 sperabat
883 2950 1017 3027 uterque
1028 2946 1181 3028 vigorem.

410 3056 493 3132 Ergo
505 3053 604 3116 Pilato
618 3053 706 3116 'litus
719 3070 777 3115 rex
785 3052 918 3116 mandat
929 3056 1073 3136 ovanter,

333 3200 336 3205 «
409 3162 448 3222 ut
458 3159 517 3223 sibi
529 3159 674 3223 mittatur
686 3160 800 3222 Jbesus
812 3158 955 3223 medicus
969 3163 1186 3239 properanter.

357 3484 386 3534 (1)
400 3478 442 3526 Ges
461 3479 521 3525 deur
542 3490 594 3524 vers
612 3479 651 3536 qui
670 3484 793 3536 manquent
817 3479 873 3525 daus
934 3476 1353 3535 (didimismsuquedausaotrems.

329 3547 394 3588 notre
404 3553 447 3586 ms.
465 3547 488 3587 et
501 3542 596 3597 deusd,
608 3547 658 3586 sont
667 3542 748 3596 rejetts
757 3541 839 3586 dansB
849 3547 872 3584 et
934 3551 966 3605 (η
979 3550 1041 3594 nans
1051 3549 1070 3594 Β
1080 3557 1103 3595 02
1117 3550 1134 3595 c
1146 3549 1260 3608 mrem,

330 3604 362 3660 d,
376 3604 441 3660 apres
451 3602 472 3647 le
483 3603 580 3660 disttque
593 3603 690 3647 suivant.
932 3621 962 3676 (3)
974 3621 993 3665 B
1004 3626 1028 3665 θ(
1038 3619 1069 3677 03
1082 3622 1180 3667 ,ww
1191 3622 1248 3668 dm
1258 3626 1323 3666 mm
1336 3631 1379 3666 m,

357 3684 387 3743 (1)
401 3682 419 3727 B
433 3688 457 3729 et
468 3682 499 3739 (ἔς
512 3682 566 3729 Heu
579 3683 635 3727 dans
646 3688 710 3726 notre
722 3693 763 3726 ms.
932 3690 965 3747 (9)
980 3689 998 3733 ll
1012 3702 1025 3747 y
1040 3702 1054 3734 a
1068 3692 1156 3736 ensuite
1167 3692 1223 3737 dans
1235 3691 1254 3736 B
1265 3697 1288 3737 et
1302 3691 1320 3738 t'
1333 3703 1341 3736 a

356 3763 385 3819 (τι)
399 3764 433 3816 Δ;
447 3759 582 3817 reprobatis
596 3760 652 3804 dans
662 3764 728 3804 notre
742 3770 784 3804 ms.
936 3763 1248 3807 mpistosnau0,.urgrsao01um
1257 3765 1364 3808 pamm,

461 3837 467 3848 ⁶
937 3808 980 3840 inde
989 3813 1090 3841 revertetur
1096 3810 1156 3849 judex
1165 3810 1184 3842 ln
1194 3810 1232 3843 tlne
1241 3810 1322 3843 futurus.

356 3841 386 3897 (1)
397 3840 430 3895 Α;
444 3837 587 3891 1111111111,
602 3834 650 3881 Get
662 3842 778 3881 notrems.
877 3854 879 3857 ·
931 3877 973 3931 (w)
986 3878 1018 3930 Α,
1033 3878 1051 3922 B
1064 3884 1087 3922 et
1099 3878 1130 3922 G,
1141 3878 1274 3935 mmm
1287 3878 1373 3923 nm,
1399 3887 1440 3920 m

355 3924 385 3977 (11)
398 3922 435 3966 0n
444 3919 469 3963 tlt
480 3918 567 3963 ensuite
577 3917 633 3961 dans
648 3917 664 3961 B
676 3929 720 3961 une
734 3922 799 3960 autre
813 3926 868 3959 ver·
904 3939 961 3983 dan,
971 3946 1035 3984 nom,
1046 3952 1089 3984 m„
1123 3912 1129 3934 ¹
1378 3910 1385 3930 '

329 3985 426 4101 siglueou
446 3981 516 4037 ululet
532 3991 575 4024 uue
592 3978 708 4036 repetition
725 3979 752 4022 de
771 3991 797 4022 ee
819 3977 869 4020 dis·
930 4010 971 4065 (Η)
987 4011 1034 4054 Bet
1045 4011 1076 4067 Οἱ
1089 4013 1214 4057 mmm
1224 4024 1268 4057 ms.
1280 4012 1440 4068 ‘'mmm“

339 4059 345 4089 ι
401 4059 407 4089 :

329 4120 361 4151 Sol
370 4123 388 4152 st
396 4121 442 4152 luna
450 4118 511 4159 sugit,
521 4119 576 4150 tellus
586 4116 649 4148 tremit
657 4117 713 4154 atque
722 4115 812 4149 movetur.
931 4083 972 4136 (¹2¹³
989 4081 1007 4124 B
1017 4087 1040 4124 ει
1051 4080 1081 4135 οἳ
1092 4080 1209 4127 Audierat
1223 4083 1278 4128 dans
1293 4084 1326 4137 Αἱ
1339 4081 1443 4126 Audiam

330 4166 375 4195 base
382 4164 403 4200 (1.
411 4164 453 4203 nee)
461 4163 488 4194 sie
497 4171 537 4194 erre
544 4163 603 4193 Deum
612 4160 705 4192 Christum
715 4158 787 4190 Judaso
794 4156 868 4187 laurus.
904 4144 959 4187 dans
973 4149 1035 4187 noire
1045 4155 1088 4186 llis.
