3118 5198
616 514 782 572 —215-

369 629 489 710 Abbas,
504 630 590 711 prior
603 633 643 696 de
661 638 891 720 Glowoeslius,

447 752 521 798 oum
535 739 622 802 lotus
636 742 765 807 sensilis.

367 889 470 953 Abbns
483 890 529 953 ire
541 892 617 955 sede
630 911 774 977 sursum,

367 1001 400 1060 et
412 997 527 1062 Prioris
535 1002 629 1080 juxln
643 1000 747 1081 ipsum
760 1032 768 1082 ς

366 1123 427 1185 ego
440 1123 564 1188 semper
578 1108 659 1172 slavi
674 1110 822 1187 dorsum,

409 1218 411 1223 “
444 1209 528 1274 inter
540 1212 708 1277 rusoolillo.

366 1358 479 1422 Vinum
493 1362 581 1424 venit
593 1364 793 1443 sanguinalis

366 1463 407 1526 ad
420 1464 535 1529 Prioris
549 1470 582 1529 el
599 1467 749 1551 lhostis,

366 1568 444 1631 nihil
457 1570 552 1634 nobis
563 1574 780 1655 paupeilutis,

443 1674 500 1737 sed
513 1676 554 1740 ud
568 1676 657 1741 divos
670 1677 787 1741 omnia.

365 1826 467 1889 Abbns
479 1827 559 1892 bibit
571 1830 612 1893 ud
625 1831 740 1894 Prioris
756 1859 763 1892 ε

363 1929 437 1992 date
449 1929 560 1995 vinum
573 1933 614 1995 ad
628 1935 777 2018 majoris,

362 2033 461 2111 possit
471 2052 542 2098 esse
554 2036 594 2101 de
604 2039 755 2121 minoris,

441 2141 467 2205 si
482 2143 625 2206 sehabet
638 2145 750 2224 gnatia.

361 2298 430 2356 Non
443 2298 493 2358 est
505 2296 626 2359 bonum
639 2297 685 2360 sio
698 2301 826 2378 potare,

361 2403 394 2461 et
407 2404 584 2466 conventus
595 2402 674 2465 nihil
685 2404 779 2485 dare,
846 2474 851 2484 ,

359 2504 433 2585 quio
447 2507 559 2569 volunt
572 2524 631 2570 nos
643 2509 779 2572 clamore

441 2609 558 2672 durum
571 2610 604 2673 in
618 2611 765 2692 capitula.

356 2764 475 2844 Surge,
491 2760 554 2825 cito
569 2763 778 2844 recedamus,

356 2866 463 2929 hostes
475 2870 602 2930 nostros
613 2868 846 2951 relinquamus,

355 2972 387 3030 et
399 2970 527 3033 cumino
540 2970 584 3047 (1)
595 2973 663 3052 jam
676 2990 863 3055 precamus,

432 3077 547 3142 ibimus
559 3080 591 3143 in
606 3082 767 3146 claustrie.

354 3234 427 3294 Post
438 3235 631 3314 completum
644 3232 834 3319 redeamus,

353 3338 386 3397 et
399 3336 563 3400 cuminum
577 3340 816 3424 combinamus,

353 3444 448 3523 alque
462 3443 555 3507 simul
568 3448 790 3515 conlaetemus

431 3548 463 3610 in
478 3549 550 3611 talis
564 3552 721 3619 convivia.

7 3336 8 3409 i

7 3414 9 3449 i

352 3700 447 3761 Estne
460 3700 581 3781 aliquid
598 3701 631 3767 in
645 3704 796 3769 eurrino?

7 3808 12 4059 ι
351 3806 449 3866 immo
462 3808 548 3868 uerte
561 3807 692 3886 plenum
705 3808 795 3891 vino,

145 4021 178 4076 (1)
199 4020 230 4067 Ge
249 4027 308 4075 mol,
329 4021 368 4078 qni
390 4034 415 4067 se
436 4028 513 4069 nonve
530 4023 587 4068 dans
607 4025 661 4069 trois
695 4027 734 4082 qui
762 4039 817 4073 nous
841 4026 955 4072 emisisses
979 4029 992 4074 l
1012 4038 1087 4075 auonn
1105 4038 1151 4077 mol
1168 4043 1237 4089 giso,

8 4086 10 4103 ¹
116 4083 223 4140 slmphes
243 4084 410 4140 consecutivus,
429 4085 486 4130 n’ssl
499 4097 540 4142 pos
557 4087 661 4143 exploso
696 4088 762 4143 mun,
782 4100 864 4142 sensu,
887 4089 1103 4149 galliqus‚‚angiais
1121 4106 1150 4139 ou
1171 4094 1236 4141 imn-

116 4145 176 4188 dans
193 4144 215 4188 lo
228 4146 328 4190 nouvelle
338 4145 421 4191 eonion
439 4147 467 4191 de
485 4147 515 4190 du
534 4148 623 4204 Gange,
638 4155 661 4194 ol
697 4150 754 4204 ouis.

116 4217 175 4250 nous
185 4215 216 4249 ne
225 4217 323 4262 pouvons
334 4207 354 4252 le
363 4209 478 4254 rollsoher
486 4209 551 4254 d’une
561 4209 660 4255 muniere
