3146 5192
840 425 1001 482 -142-

639 554 691 633 qui
708 555 837 615 suerunt
849 553 1011 632 quondum
1025 552 1119 629 boui,

641 654 690 717 Sic
704 653 855 733 pervertit
867 670 923 715 eos
936 653 1028 715 dolus

642 757 730 838 quod
742 757 796 821 vix
806 760 912 839 justus
924 776 1009 820 uuus
1023 758 1120 820 solus.

675 868 754 928 ltem
767 862 879 927 muudi
896 866 1107 945 mercatores,

634 968 713 1050 quid
728 972 802 1031 suut
817 967 897 1032 heu!
913 986 1010 1048 quum
1024 967 1227 1033 truffutores?

637 1069 708 1133 Sive
721 1072 850 1150 emunt,
864 1068 931 1132 sire
943 1068 1105 1149 venduut,

636 1195 760 1258 semper
772 1179 880 1241 fallere
893 1180 1122 1261 praetendunt,

638 1289 737 1348 Deum
750 1285 941 1365 sanetusque
953 1286 1133 1367 perjurant,

637 1390 669 1448 et
681 1386 809 1448 mentiri
822 1404 935 1466 parum
949 1390 1072 1450 curant.

636 1489 769 1564 Quando
781 1488 857 1553 boni
870 1490 992 1552 nummi
1006 1490 1143 1569 vadunt,

636 1591 745 1656 statim
758 1611 814 1657 eos
824 1593 891 1674 igni
906 1595 1057 1675 tradunt3

636 1702 748 1783 Siuque
760 1706 868 1765 manet
880 1707 1124 1784 pagamentum,

636 1805 738 1869 sooria
751 1810 784 1868 et
797 1824 864 1870 uon
878 1810 1047 1887 argentum
1060 1835 1068 1869 ε

635 1907 684 1972 Sic
699 1909 901 1972 confundunt
913 1910 1069 1972 muudum
1084 1911 1207 1988 totum3

636 2013 721 2077 istud
735 2013 877 2094 undique
890 2018 940 2076 est
952 2018 1074 2079 notum.

634 2117 777 2197 Pondus,
792 2134 961 2198 uumerus,
976 2135 1145 2197 mensura,

634 2219 726 2283 simul
741 2220 844 2283 omnis
854 2225 1051 2303 mercatura,

634 2325 684 2389 Sic
694 2343 751 2405 per
765 2325 850 2406 ipsos
863 2330 938 2389 suut
951 2326 1107 2408 iniectae,

633 2430 721 2509 quod
733 2429 787 2492 vix
801 2448 885 2494 uuus
899 2430 965 2511 agit
977 2434 1074 2494 recte.

634 2534 696 2596 Nisi
708 2538 790 2597 Deus
801 2552 893 2614 opem
904 2539 1044 2615 praestat

632 2636 777 2716 deperire
791 2637 946 2699 muudum
961 2641 1079 2720 restut3

637 2744 695 2803 Tot
707 2744 740 2802 et
753 2740 849 2803 tantis
863 2745 911 2804 est
922 2746 1030 2806 reatus

633 2849 666 2907 et
679 2848 745 2908 tam
755 2863 872 2925 pravus
885 2856 972 2909 nuuc
986 2850 1035 2910 est
1047 2850 1166 2911 status!

671 2953 769 3012 Natus
782 2954 857 3013 aute
870 2969 972 3015 annos
985 2952 1086 3032 mille,

635 3068 709 3113 vere
723 3050 798 3113 felix
812 3050 945 3113 fuitille.
1083 3056 1085 3061 ’

635 3154 702 3217 Oh!
718 3173 815 3235 quarn
828 3173 987 3220 venenosa
1001 3156 1116 3235 pestis!

634 3263 844 3341 Foeneratur,
859 3262 958 3323 falsus
969 3260 1074 3342 testis,

633 3369 706 3446 Fur,
721 3367 883 3445 perjurus,
898 3366 998 3444 latro,
1013 3381 1159 3445 mouens,

634 3468 808 3550 homicida,
824 3471 949 3530 tautum
964 3468 1061 3531 decus

631 3574 753 3635 Habent
766 3576 918 3653 tanquam
930 3571 1019 3653 probi
1031 3571 1101 3635 viri.

631 3677 787 3757 Quidquid
798 3680 904 3757 potest
917 3695 1003 3740 nunc
1017 3676 1156 3757 acquiri,

631 3784 701 3847 Sive
714 3786 815 3863 bone,
829 3783 895 3848 sive
909 3785 1008 3864 male,

631 3893 680 3951 est
694 3888 875 3951 homiuibus
888 3889 1029 3968 aequale.

631 3995 740 4055 Nullus
753 3994 912 4065 devitatur
923 3996 1090 4074 quaestus,

630 4099 911 4174 quantumcunque
925 4094 1121 4158 inhonestus.
