3112 5194
769 494 933 550 -332—

395 620 462 678 Non
475 615 507 678 in
519 612 593 679 sede
605 617 671 695 pari
685 620 819 696 possunt
830 617 869 679 de
882 634 971 680 more
984 617 1092 680 lucari.

435 727 547 788 seeum
559 724 670 803 regina
683 726 801 787 traetat
815 753 823 787 ε
840 748 855 784 «
870 729 938 788 Non
951 728 1003 786 est
1015 722 1139 786 uterina

395 830 450 892 1111
462 828 539 892 milri
552 831 697 912 soboles,
712 849 778 895 non
792 832 853 894 hoe
865 830 960 911 milri,
974 830 1062 911 quod
1074 847 1145 892 mea
1159 831 1272 909 proles.
1291 852 1308 886 1)

396 935 521 1000 Destitit
533 936 647 1000 infesto
657 984 666 1017 ,
676 938 744 1017 iam
757 936 873 1000 dieitur
885 935 918 998 in
931 934 1100 998 manifesto

396 1042 493 1106 ludas
503 1042 670 1121 inventus,
685 1046 807 1107 moeret
819 1045 972 1106 temerata
981 1046 1149 1125 juventus,

396 1155 550 1230 lluneque
562 1149 666 1230 pudor
677 1148 792 1231 laedit,
806 1167 914 1230 regem
928 1151 1058 1212 fratrem
1071 1151 1139 1213 lore
1152 1148 1268 1229 eredit,

396 1255 484 1336 Odit,
498 1258 532 1317 et
544 1256 692 1319 ardenter
704 1255 788 1337 adit,
804 1255 982 1337 occiditque
996 1257 1149 1336 latenter,

396 1365 517 1442 Perque
530 1363 620 1424 nefas
634 1363 696 1424 tale
708 1361 799 1425 timet
808 1360 941 1425 exitium
955 1360 1100 1441 capitale.

396 1467 455 1544 Qui
467 1467 580 1531 metuit
593 1471 746 1549 mortem,
760 1468 881 1532 variam
891 1468 1016 1549 quaerit
1028 1467 1087 1530 sibi
1100 1470 1219 1532 sortem

397 1577 465 1650 Qua
476 1574 575 1638 vitam
590 1574 687 1656 ligat,
702 1574 813 1637 mortis
826 1573 921 1637 timor
933 1591 1028 1637 omne
1042 1573 1156 1654 fatigat

398 1681 489 1757 Quod
500 1679 577 1744 vivit
587 1680 719 1743 mundo.
735 1680 831 1743 Judas
844 1679 1002 1761 fugiebat,
1014 1679 1120 1743 eundo

399 1787 567 1850 Admixtns
580 1786 666 1867 genti
679 1787 831 1851 solvenda
845 1786 963 1850 tributa
977 1787 1120 1867 vehenti,

400 1893 494 1957 Ocius
508 1896 545 1956 ut
556 1894 668 1975 quibat
680 1895 834 1974 profugus
847 1893 1050 1975 ierosolymis
1064 1893 1140 1956 ibat.

398 2004 442 2062 Ne
455 1999 573 2080 paritas
586 2000 686 2075 desit,
699 2000 800 2064 Pilato
814 2017 909 2064 varus
921 2002 955 2076 (l.
969 2005 1075 2077 carus)
1087 1998 1250 2078 adhaesit,

399 2112 458 2170 Par
470 2106 544 2188 quia
555 2125 650 2187 saepe
660 2107 728 2187 pari
741 2109 878 2170 laetabar
890 2107 1066 2171 consociari
1080 2112 1090 2184 (
1114 2111 1134 2184 ).

441 2213 534 2278 Curia
547 2213 637 2277 Pilati
652 2214 737 2294 capit
749 2216 782 2276 et
793 2216 901 2294 captat
913 2213 1073 2295 reprobati

400 2321 500 2383 iudae
511 2322 663 2401 conatus,
677 2319 812 2383 miseent
823 2319 1000 2401 parilesque
1013 2323 1139 2401 reatus,

401 2426 431 2491 Si
443 2444 513 2489 sors
525 2444 627 2507 aequa
642 2426 745 2508 dabit,
760 2444 890 2507 compar
902 2443 976 2490 cum
989 2442 1137 2506 compare
1148 2424 1245 2487 stabit

400 2534 502 2611 Atque
515 2531 582 2611 pari
594 2533 696 2594 forma
709 2531 821 2595 vivunt
834 2532 927 2595 simili
941 2549 1068 2613 qnoque
1085 2548 1207 2595 norma.
1226 2614 1229 2621 Ι

441 2637 531 2699 Pilati
545 2637 681 2717 praeerit
694 2638 805 2718 opibus
815 2639 931 2722 ludas,
946 2639 989 2702 ita
1003 2639 1128 2720 quaerit
1195 2685 1198 2691 .

403 2742 590 2824 congruitas
603 2762 748 2826 morum,
763 2744 875 2809 levitas
888 2744 1068 2825 geminatur
1081 2762 1211 2825 eorum,

404 2851 504 2913 Ambo
519 2850 697 2914 consimiles
710 2850 769 2915 sibi
783 2855 876 2932 sunt,
891 2854 985 2915 ambo
998 2851 1073 2933 quia
1086 2852 1164 2917 viles

405 2956 515 3020 Mentis
528 2957 561 3020 in
575 2959 688 3022 obtutu
702 2987 709 3021 ι
725 2960 821 3022 ludas
834 2959 917 3039 regit
928 2958 1035 3022 omnia
1046 2962 1128 3022 nutu

406 3063 561 3128 Praesidis
574 3065 615 3129 ad
627 3069 754 3148 votum,
769 3068 949 3147 subjeetum
962 3067 999 3130 fit
1010 3065 1069 3129 sibi
1083 3068 1202 3144 tntum,

406 3174 445 3236 ut
458 3170 516 3234 sibi
529 3189 646 3252 magna
659 3176 766 3254 paret,
781 3173 884 3238 omnis
895 3173 955 3236 sibi
969 3172 1056 3236 curia
1070 3174 1171 3253 paret.

447 3283 527 3342 Ε111
541 3278 591 3341 die
604 3280 761 3361 quadam,
776 3280 864 3343 velut
874 3279 998 3343 illectus
1011 3283 1102 3343 vetus
1113 3279 1234 3360 Adam,

408 3383 457 3448 Sie
470 3387 503 3446 et
515 3383 633 3446 Pilatus
645 3385 775 3448 hortum
788 3385 959 3466 quemdam
972 3386 1153 3466 speculatus

409 3492 452 3552 Ac
463 3490 496 3553 in
509 3507 548 3554 eo
559 3492 700 3572 fruetus,
715 3491 894 3572 horumque
903 3491 1033 3557 libidine
1047 3492 1179 3573 duetus,

410 3594 574 3675 Exspirare
587 3612 686 3675 paene
696 3596 730 3670 (l.
744 3601 838 3676 pene)
851 3595 953 3660 voluit
963 3615 1021 3678 pro
1036 3597 1162 3660 turbine
1173 3603 1318 3679 poenae(
1339 3599 1361 3675 ).

410 3700 495 3763 Vidit
507 3702 547 3764 ab
559 3719 631 3764 aree
645 3703 759 3766 domus
770 3704 854 3766 bona
867 3721 961 3784 poma
976 3722 1089 3784 gerens
1101 3706 1185 3768 bena
1198 3722 1313 3784 pomus
1326 3710 1388 3785 (3),
1413 3718 1416 3723 ·

342 3976 371 4029 (1)
381 3974 444 4019 Gette
452 3971 558 4017 11111111
568 3983 592 4015 11
601 3976 679 4015 trouve
689 3971 758 4027 aussi,
767 3983 853 4018 aemma
888 3978 922 4017 est
945 3975 1023 4032 longua
1042 3975 1166 4020 (11111111
1185 3972 1217 4018 les
1236 3977 1313 4029 poetes
1333 3971 1362 4015 du
1383 3969 1423 4014 bon

316 4049 344 4081 on
359 4036 386 4081 l’a
400 4049 443 4088 vu,
456 4035 511 4079 dans
522 4034 543 4078 11
557 4033 662 4090 legende
676 4033 753 4079 (11111.
888 4041 970 4092 temps.

343 4098 372 4152 (2)
385 4096 469 4153 llalgre
486 4101 548 4140 notre
563 4095 699 4149 correction,
716 4096 735 4139 le
754 4108 805 4140 vers
820 4100 853 4141 est
913 4100 944 4156 (1)
955 4099 985 4144 Ge
993 4110 1056 4153 rura,
1068 4111 1097 4143 au
1108 4097 1178 4142 moins
1188 4096 1264 4141 inutile
1273 4107 1330 4152 pour
1338 4095 1357 4138 le
1366 4104 1421 4143 sens,

318 4170 399 4203 111111
413 4157 481 4213 1111;
495 4158 517 4202 la
531 4157 639 4213 premiere
653 4156 736 4212 syllabe
749 4158 776 4201 de
790 4156 853 4201 Pena
888 4161 971 4205 semble
984 4160 1177 4215 111111111111111
1190 4170 1231 4214 par
1242 4158 1262 4202 le
1274 4156 1358 4212 eopiste
1369 4165 1421 4210 pour
