3146 5192
302 593 380 651 Ecce
391 588 579 650 miraculum
590 588 677 666 quod
687 588 764 650 tacit
777 604 974 666 munuuoua,

301 694 435 774 superba
450 694 593 772 erigens,
609 695 760 772 frangens
773 692 922 755 bomilia!

302 804 381 863 Ecce
395 800 589 880 dominium,
603 799 690 877 quod
702 802 785 862 Deus
799 799 922 862 diruat!

303 910 382 969 Ecce
396 907 550 987 inversio,
563 924 660 985 quam
671 910 754 970 Deus
766 907 909 971 destruat
922 907 930 969 1

341 1013 388 1076 ud
402 1014 486 1093 ipsos
498 1013 594 1075 redeo
605 1030 746 1076 summos
759 1012 940 1094 pontifices,

302 1118 355 1199 qui
367 1122 475 1182 tacent
488 1137 561 1182 cum
571 1118 705 1195 (vident)
717 1120 777 1182 bos
790 1119 996 1199 execrabiles,

304 1227 390 1289 Licet
402 1226 581 1307 intelligant
597 1226 867 1289 consentientibus

305 1332 387 1396 idem
400 1351 469 1396 esse
483 1333 602 1396 crimen
613 1333 700 1413 quod
712 1336 761 1396 θεῖ
774 1334 952 1413 agentibus.

343 1443 422 1504 Sunt
435 1439 520 1503 enim
536 1439 597 1502 alia
611 1441 710 1502 multa
724 1440 885 1521 facinora,

306 1566 324 1609 a
336 1547 565 1610 mercatoribus
579 1546 694 1626 iniquis
707 1547 807 1628 edita,

307 1657 391 1729 Quae
405 1654 464 1734 ipsi
477 1653 595 1734 pariter
606 1657 750 1733 pusiones
760 1657 897 1719 tolerant

306 1765 338 1823 et
351 1760 425 1823 indo
439 1761 561 1824 faciunt
572 1760 662 1841 quasi
677 1778 742 1824 non
755 1763 890 1843 sapiant.

307 1868 471 1943 Quomodo
485 1867 638 1930 disseram
649 1885 759 1932 omnes
773 1868 922 1950 iujurias,

306 1974 594 2054 supplantationes,
609 1974 714 2055 dolos,
730 1974 869 2037 fallacias

306 2083 390 2156 Quas
407 2080 465 2142 sibi
480 2079 614 2144 invicem
627 2079 745 2159 ubique
758 2081 943 2163 conterunt,

307 2190 340 2250 et
352 2186 481 2268 quando
495 2188 711 2267 congregant,
730 2190 764 2249 ot
775 2188 905 2267 quando
921 2187 1087 2253 dividunt?

307 2298 369 2358 Neo
382 2297 489 2375 patres
503 2292 591 2373 tiliis,
610 2310 670 2356 nec
683 2295 797 2357 fratros
809 2293 977 2375 batribus,

309 2399 367 2463 sed
379 2417 482 2481 neque
494 2402 625 2479 nepotes
636 2399 704 2463 suis
717 2400 900 2481 nepotibus,

308 2510 408 2574 Ullam
421 2509 609 2570 alterutrum
623 2507 742 2571 babent
758 2506 908 2572 fiduciam

308 2617 436 2696 propter
449 2614 602 2695 pecuniae
615 2613 904 2694 concupiscentiam
916 2620 971 2691 (1).
988 2608 990 2611 ’

309 2727 392 2802 Ergo
405 2722 616 2786 mundusisto
628 2721 767 2803 peccatis
781 2721 920 2801 obsitus,

308 2850 365 2912 per
376 2831 539 2894 avaritiam
552 2833 639 2893 totus
652 2833 700 2893 cst
712 2828 863 2909 perditus.
964 2842 974 2865 ·

312 2943 336 3004 Ἀ
349 2939 451 3021 primo
463 2938 592 3001 bomine
605 2937 693 3000 venit
705 2936 862 3015 cupiditas

311 3049 343 3111 in
356 3066 418 3129 qua
432 3048 572 3128 plantata
586 3048 635 3107 est
647 3042 750 3107 omnis
763 3042 940 3123 posteritas.

311 3156 433 3219 Habent
445 3153 651 3217 enimomnes
664 3150 968 3231 concupiscentiam,

311 3265 344 3324 θῖ
356 3261 436 3325 ordo
449 3260 556 3322 nullus
569 3262 619 3321 θεῖ
630 3275 725 3338 quem
737 3259 819 3320 ferre
832 3259 953 3322 valeam

312 3367 357 3429 nb
367 3365 500 3429 avaritia
513 3365 670 3427 muudum
681 3380 837 3443 asserere,

312 3477 407 3554 atque
421 3471 577 3553 cupidinis
590 3474 752 3551 expertem
771 3470 885 3534 dicere.

350 3577 600 3660 Militcspessimi
614 3582 742 3658 propter
756 3579 950 3661 superbiam,

203 3832 231 3887 (1]
245 3830 275 3873 Lo
285 3831 363 3884 pobme
376 3823 449 3881 public
459 3834 500 3878 par
514 3821 546 3868 bi.
557 3832 599 3864 ron
613 3819 712 3873 Karajan
748 3818 779 3862 Le
792 3830 833 3862 ms.
846 3824 881 3863 est
891 3819 920 3862 du
932 3825 1123 3864 commencement
1132 3820 1161 3863 du
1175 3822 1229 3866 xve
1239 3823 1286 3866 sid-

177 3905 205 3937 ua
215 3890 306 3948 jusqu'b
315 3888 379 3932 dire:
748 3880 796 3934 clo,
811 3881 867 3924 mais
878 3882 910 3928 u.
920 3893 963 3924 von
973 3882 1072 3936 Karojau
1082 3882 1150 3934 croit,
1166 3885 1179 3927 b
1189 3883 1207 3927 ia
1217 3885 1287 3927 verite

286 3953 381 3988 sonans
390 3949 540 3990 vendourensi,
748 3952 801 3984 saus
812 3942 898 3986 raisous
911 3942 960 3987 bien
975 3943 1099 3998 decisivcs,
1113 3956 1157 3999 que
1172 3946 1192 3988 te
1211 3951 1287 4000 potine

286 3994 538 4074 mtttmtttdt‘
750 4002 1089 4058 a‘curaupsnamuxnu,

287 4095 341 4128 quom
351 4086 475 4117 convenerant
484 4081 558 4115 dodaci.

257 4136 379 4182 Sermones
387 4131 452 4178 uuiti
458 4133 595 4188 porcantes,
607 4142 629 4173 v.
639 4132 686 4173 aot.
