3160 5196
634 536 798 596 ..409-

296 662 490 727 eredendum
502 663 609 743 potius
618 663 705 743 quod
715 662 774 727 sibi
782 664 856 742 J'ura
868 661 991 741 petunt.

257 771 343 831 tune
356 768 486 849 quidam
496 771 631 850 juvenes
644 767 766 849 ingenti
778 766 893 846 eorde,
907 764 1033 829 lacertis

297 874 432 937 fortibus
445 874 591 938 instructi
605 874 726 955 spicula
740 872 893 953 dirigere,

257 981 369 1043 Muniri
384 981 519 1063 clypeis,
533 982 630 1044 etiam
644 980 796 1060 fugiendo
810 978 935 1058 sagittis

146 1080 150 1085 ’
298 1089 406 1151 hostes
418 1090 608 1152 Parthorum
620 1105 709 1152 more
722 1087 817 1151 ferire
829 1103 924 1166 suos,

259 1196 308 1259 Sic
320 1195 411 1258 aiunt
421 1196 598 1267 Machomiz
611 1219 627 1256 «
642 1195 673 1260 Si
684 1196 730 1259 sic
743 1194 931 1259 dimittimus
943 1193 1004 1255 ista

298 1319 380 1382 quae
392 1304 542 1382 repetunt
554 1307 679 1382 Persae,
693 1303 805 1366 tollere
814 1304 930 1365 cuncta
941 1300 1047 1364 valant
1063 1327 1070 1360 ι

259 1413 353 1490 Nam,
367 1410 453 1471 velut
466 1408 609 1472 infirmos
621 1426 680 1472 uos
693 1412 727 1472 et
738 1408 870 1489 pavidos
883 1407 1084 1487 reputantes,

300 1533 319 1577 a
332 1514 465 1578 modieis
476 1515 607 1579 tendent
620 1515 663 1579 ad
674 1515 801 1596 potiora
810 1530 960 1594 manum3

260 1623 434 1703 Nostraque
444 1622 573 1685 libertas
586 1621 686 1701 periet
697 1648 705 1703 3
721 1622 766 1685 sio
780 1623 890 1685 nostra
903 1620 1079 1686 manebunt

299 1726 383 1806 regis
397 1732 563 1791 Persarum
576 1727 704 1791 subdita
717 1728 799 1791 oolla
809 1729 910 1807 Jugo3

259 1834 319 1897 sed
334 1838 416 1896 Deus
430 1837 552 1899 avertat
566 1838 602 1897 ut
615 1834 677 1900 vivi
691 1834 736 1898 sic
750 1851 934 1915 pereamus,

299 1942 332 2001 et
343 1944 472 2003 nostrae
486 1940 590 2020 gentis
601 1943 646 2017 (1)
658 1940 746 2006 vivat
755 1940 798 2003 ad
810 1939 1030 2021 opprobrium!

259 2050 336 2110 Nam
350 2064 408 2109 eur
420 2050 585 2127 portamus
597 2049 778 2129 pharetras,
793 2064 851 2111 eur
871 2048 933 2111 tela
947 2049 1111 2127 tenemus,

299 2171 357 2216 cur
370 2154 508 2233 tegimur
522 2154 659 2235 clypeis,
673 2156 795 2239 spicula
807 2172 865 2218 eur
881 2154 1040 2235 gerimus,
1159 2226 1164 2231 ,

261 2259 291 2324 Si
304 2259 350 2323 sio
361 2278 496 2342 uxores,
512 2261 539 2324 si
552 2260 678 2325 sicsine
691 2261 848 2342 sanguiue
859 2264 975 2341 terras,

301 2367 327 2430 si
340 2367 386 2430 sie
399 2368 527 2432 servitio
540 2368 673 2449 pignora
687 2368 805 2449 caram)
817 2369 951 2432 damus?

263 2479 320 2536 Per
333 2474 455 2553 gladios
469 2474 618 2554 veniant,
633 2474 676 2538 sit
688 2474 735 2538 eis
748 2473 883 2538 transire
895 2491 952 2555 per
965 2475 1090 2553 hastas3

301 2598 387 2643 mors
402 2584 529 2662 gentem
542 2585 685 2645 nostram
697 2581 825 2648 vincere
840 2583 908 2645 sola
919 2584 1047 2662 potest:

264 2688 293 2752 Si
307 2687 390 2751 vinei
402 2690 509 2751 tamen
523 2691 572 2751 est
584 2688 638 2751 uhi
652 2705 719 2753 uon
730 2688 855 2752 animus
866 2690 1052 2769 superatur,

304 2794 360 2856 sed
371 2812 446 2857 earo
460 2796 527 2857 sola
533 2797 637 2876 iacet,
651 2795 729 2858 dum
742 2798 838 2874 eaput
851 2811 927 2856 ense
941 2794 1028 2859 eadit
1040 2796 1092 2874 (3).
1111 2816 1126 2851 a

264 2902 379 2962 Omnes
393 2900 576 2964 collaudant
586 2901 722 2981 dietum‚
737 2901 996 2981 Machomemqua
1006 2904 1180 2981 precantur

304 3009 464 3070 utcontra
479 3012 589 3071 Persas
603 3007 671 3070 dux
683 3006 725 3069 sit
737 3008 771 3069 at
782 3008 894 3069 auctor
903 3005 959 3067 eis.

265 3112 401 3194 Oppouit
412 3115 591 3179 Machames
603 3113 717 3177 aetatis
730 3116 874 3193 tempora
886 3113 1001 3193 longa,

268 3228 274 3245 ⁸
304 3219 388 3284 vires
398 3224 602 3301 consumptas
615 3237 747 3300 corpore
757 3221 824 3299 jam
837 3219 965 3298 vetulo,

266 3330 304 3391 Se
315 3328 399 3390 hello
411 3328 573 3391 modicum
586 3329 636 3392 vel
650 3328 773 3391 nuflum
787 3328 869 3389 serre
876 3328 1047 3407 juvamen,

305 3433 383 3514 quin
396 3432 498 3513 magis
510 3438 548 3497 ut
560 3433 665 3497 senior
677 3433 744 3514 ipse
754 3433 916 3513 iurandus
928 3431 999 3495 erit.

266 3545 429 3604 Praeterea
445 3541 526 3605 coeli
537 3540 662 3605 dicebat
673 3542 784 3604 abasse
797 3542 954 3620 favorem,

305 3665 369 3728 quo
382 3646 451 3711 siaa
461 3647 506 3711 nil
519 3646 616 3728 vires,
628 3646 673 3709 nil
687 3647 771 3713 valet
782 3662 834 3708 ars
847 3645 1024 3709 homimum

264 3758 326 3816 Has
338 3756 466 3834 propter
479 3770 591 3817 causas
603 3752 679 3816 dicit
691 3769 726 3815 se
739 3752 821 3817 bella
835 3768 964 3831 cavere,

304 3881 345 3925 ne
354 3863 469 3944 quibus
482 3878 552 3926 esse
564 3861 640 3928 velit
652 3860 750 3941 utilia,
766 3859 819 3923 hie
832 3860 957 3922 noceat.

195 4079 225 4137 (1)
239 4076 310 4123 Genti
324 4076 423 4131 dans'A3
438 4089 465 4122 os
473 4088 525 4123 vars
540 4082 575 4122 est
588 4076 644 4120 ainsi
653 4087 707 4120 eor·
770 4075 798 4129 (a)
811 4071 897 4119 Nostra
908 4071 963 4118 dans
975 4072 1002 4116 B.

169 4153 248 4198 rompu
256 4140 353 4185 dausles
363 4139 423 4184 doux
435 4151 493 4195 ms,
507 4141 624 4196 peut-atra
634 4137 708 4183 taut-ti
770 4138 801 4194 (ὅ)
814 4136 877 4181 Dum
887 4135 953 4180 eadit
964 4145 1016 4180 emo
1029 4136 1101 4192 capue
1114 4132 1170 4180 daus
1179 4133 1218 4180 As

171 4203 213 4249 tiro
225 4204 269 4248 aut
281 4214 365 4247 mmeo
378 4200 463 4258 asoth.
