3118 5198
566 509 674 563 —269
689 536 728 544 -

382 640 512 704 Moritur
523 654 580 716 pro
591 635 730 715 justitia,

381 762 548 829 perquem
566 743 733 806 constabat
750 738 861 820 patria.

382 888 459 948 Cum
473 883 557 944 esset
570 878 602 940 in
612 876 760 956 ecelesia,

382 993 524 1054 intentus
537 988 570 1049 in
583 984 757 1066 psalmodia
770 1031 778 1063 ,

383 1115 478 1162 orans
489 1099 588 1158 Deum
601 1095 708 1156 mente
718 1090 769 1171 pia
782 1138 790 1170 ‚

382 1204 510 1269 emersit
522 1202 638 1266 cohors
652 1197 757 1277 impio.

381 1345 453 1405 Mox
467 1338 642 1402 exeruntur
657 1331 772 1413 glodii3

379 1447 528 1529 jugulant
541 1446 663 1523 petrem
672 1438 745 1519 filii3

380 1536 579 1636 perimuntur
591 1546 713 1611 innoxii

382 1680 446 1724 una
459 1663 597 1742 quatuor
612 1652 678 1718 filii.

382 1797 563 1877 Junguntur
576 1808 684 1855 amone
693 1789 745 1870 pio
758 1840 766 1869 ,

384 1903 494 1967 mortis
509 1901 626 1963 dantur
635 1897 733 1960 exitio
750 1925 756 1955 :

383 2027 494 2073 eornm
508 2004 681 2070 internecio

384 2118 420 2180 fit
432 2114 598 2179 Flandriae
610 2109 765 2176 confusio.

385 2253 440 2314 Hic
452 2268 526 2314 cum
540 2249 666 2311 dnobus
678 2244 749 2309 filiis

386 2363 475 2440 pater
487 2358 655 2421 truncatur
669 2351 781 2432 gladiis
794 2380 801 2429 3

384 2468 456 2548 qui,
472 2465 554 2528 eruti
567 2464 607 2525 ab
621 2459 740 2539 impiis,

386 2575 465 2637 ooeli
481 2574 631 2635 fruuntur
644 2565 778 2647 gaudiis.

387 2712 458 2770 Mox
477 2706 610 2767 istorum
624 2697 789 2778 cognatio,

387 2812 582 2893 compatiens
596 2805 711 2885 exitio,

387 2922 496 3001 luget,
513 2915 611 2997 gemit
622 2912 718 2976 eorde
731 2908 800 2989 pio,

387 3031 424 3090 nt
436 3023 537 3104 exigit
547 3020 697 3087 conditio.

388 3163 494 3225 Cesset
509 3157 624 3220 amodo
636 3156 738 3231 luere,

388 3268 638 3345 studeetpneoes
652 3258 805 3335 tundere3
918 3292 920 3295 -

389 3378 516 3439 constat
529 3370 651 3434 animes
661 3379 814 3447 quaerere

313 3488 316 3494 ’
387 3481 491 3565 juvari
505 3494 635 3560 precum
649 3486 791 3536 munere.

390 3626 443 3689 Pia
456 3622 508 3686 Dei
523 3615 707 3694 clementia,

390 3748 501 3795 caesos
512 3745 569 3807 pro
583 3729 638 3786 tna
653 3719 753 3802 gratia

391 3839 527 3902 transfer
538 3835 579 3896 ad
593 3829 672 3894 coeli
688 3824 818 3908 gaudie,

392 3951 426 4007 nt
440 3950 544 4009 teoum
559 3941 622 4003 sint
636 3937 668 3999 in
682 3931 791 4015 gloria.
809 3935 916 3993 Anien.
