3118 5198
783 450 946 506 405..

600 595 641 640 ne
654 574 840 639 sordescant
856 572 982 633 saecula

600 681 711 745 talium
722 676 885 744 memoria.

636 939 1035 1021 Amomrememmjet(
1058 940 1078 1014 ).

597 1172 679 1235 Proh
690 1168 797 1232 dolor!
813 1171 931 1229 Duoem
940 1161 1123 1242 Flandriae,

597 1278 630 1339 et
644 1275 843 1339 defensorem
856 1270 1033 1349 Ecclesiae,

596 1384 717 1445 bonum
730 1383 869 1445 tutorem
881 1377 1002 1459 patriae

596 1491 628 1550 et
641 1489 797 1551 cultorem
809 1485 967 1568 iustitiae,

595 1622 795 1686 Traditorum
808 1620 966 1697 versutia,

596 1729 764 1810 impiomm
777 1728 933 1810 nequitia,

595 1838 688 1917 plena
703 1836 791 1917 gravi
804 1835 922 1901 invidia
936 1884 945 1917 ,

595 1942 729 2023 peremit
742 1960 800 2024 pro
811 1941 949 2023 justitia.

595 2078 621 2138 0
634 2075 744 2140 infelix
756 2076 902 2140 Flandria
915 2075 975 2155 (2)!

595 2184 620 2244 0
634 2182 789 2264 erudelis,
804 2184 825 2245 o
837 2182 952 2263 impia!

594 2294 682 2365 Quae
693 2294 725 2352 te
738 2290 821 2370 oepit
834 2290 1012 2353 dementia?

596 2401 683 2472 Quae
695 2414 844 2477 perversa
859 2396 1018 2478 nequitia,
1070 2418 1073 2423 ⁴

595 2531 635 2592 Ut
648 2528 763 2592 ducem
775 2532 866 2592 tuum
879 2547 1060 2613 sperneres,

594 2637 729 2698 mortem
742 2634 826 2697 illius
838 2652 1008 2715 quaereres

595 2744 628 2804 et
640 2743 772 2822 laqueos
784 2743 1028 2827 praetenderes,

594 2851 806 2929 protectorem
819 2849 1014 2928 perimeres?

596 2985 642 3044 Tu
654 2999 712 3062 per
725 3001 798 3046 eum
811 2983 968 3047 florueras
981 3034 989 3066 ,

595 3091 629 3150 et
642 3087 791 3153 decorem
802 3089 953 3154 indueras
964 3141 973 3173 ,

594 3196 765 3275 primatum
778 3197 981 3281 obtinueras,

592 3296 699 3360 multis
711 3298 744 3376 (l.
757 3299 888 3377 multos)
901 3301 1023 3367 honore
1036 3320 1196 3384 praeeras.

595 3436 672 3517 Sed,
686 3437 760 3517 quia
774 3439 931 3503 fornicata
945 3459 998 3524 es,

593 3543 839 3621 praevaricatrix
851 3548 936 3611 taeta
947 3566 999 3631 es,

329 3787 844 3848 (1)lastroisautrsspieoesoutetepubiiees
880 3797 900 3840 ie
911 3797 1015 3854 rhythmo
1026 3801 1088 3846 estis
1102 3804 1191 3848 meme:
1205 3800 1258 3846 elles
1269 3807 1320 3845 som
1329 3812 1358 3846 en
1367 3812 1424 3857 qua-

303 3849 359 3894 dans
376 3850 508 3905 Muraenae,
523 3848 676 3909 ,impiissima
691 3852 809 3908 collectio,
827 3860 845 3899 t.
881 3860 955 3904 traina
964 3862 1111 3919 mainerium,
1124 3863 1177 3908 dont
1188 3862 1345 3920 ehaqueiigue
1355 3874 1369 3908 a
1380 3863 1415 3907 hui

304 3910 346 3965 vi,
354 3912 394 3956 eoi.
403 3913 846 3972 aiei-1138‚etdansl’detu8unotomm‚
882 3920 986 3977 spirauca.

304 3984 378 4029 mars,
388 3978 405 4017 t.
417 3975 441 4028 1,
451 3988 475 4031 p.
487 3979 589 4022 aie-220.
608 3975 631 4020 Si
642 3977 694 4021 elles
707 3990 736 4023 ne
747 3983 797 4024 sont
806 3991 847 4034 pas

305 4035 334 4079 du
345 4038 418 4082 meme
425 4042 514 4092 auteur,
525 4038 578 4084 elles
586 4044 626 4084 out
635 4041 802 4096 probablement
811 4043 847 4086 ete

306 4096 372 4142 faites
383 4098 397 4142 a
408 4097 531 4145 i'imitation
544 4099 576 4146 ies
586 4113 641 4146 unes
651 4102 691 4148 des
704 4108 793 4159 autres,
808 4116 848 4149 aar

908 4009 937 4065 (a)
953 4009 973 4053 li
984 4023 1082 4070 manuue
1093 4024 1137 4058 une
1154 4012 1237 4069 syllam
1252 4012 1265 4058 a
1283 4013 1422 4070 patroligiae,

882 4074 993 4127 peut-dire
1005 4075 1040 4118 tu.
