3118 5198
619 521 658 528 .-
673 490 728 545 251
744 519 784 528 ..

135 623 311 684 transeunt
325 620 358 682 in
369 618 449 683 mari
460 634 578 697 magno
592 618 629 677 ut
642 618 725 677 terra
735 610 907 681 siccissima
920 635 928 688 3

137 734 269 811 Moyses
282 728 390 799 educit
403 743 502 807 aquas
517 725 558 787 de
570 727 660 805 petra
675 720 854 785 durissima.

1 935 2 938 Ἴ
33 950 36 959 Α
139 869 227 926 Nam
239 867 276 927 ut
288 863 421 928 veniunt
434 861 475 923 ad
489 863 603 924 Curras
614 861 669 938 (1),
684 855 843 937 quasdam
853 850 950 915 maris
961 848 1098 925 insulae,

7 960 11 961 ἦ
35 972 39 978 ’
138 971 202 1033 ubi
215 970 319 1033 nullas
331 969 411 1035 vidit
421 969 453 1048 (l.
469 967 595 1042 vident)¹
604 981 702 1045 aquas
716 964 757 1039 ad
771 959 950 1041 potandum
959 955 1121 1045 limpidas„

1 1085 2 1092 ’
141 1077 359 1158 iith005visu
373 1079 406 1140 et
416 1075 526 1141 audito
536 1077 570 1151 (l.
586 1072 726 1146 auditui)
740 1071 834 1135 nimis
845 1066 1045 1147 admirabile,

1 1167 3 1176 ἱ
39 1178 42 1193 “
140 1186 233 1245 terra
246 1201 359 1264 parurn
373 1181 597 1263 circumfossa,
613 1183 726 1262 potant
738 1197 854 1261 aquarn
867 1175 1007 1261 largiter.

141 1319 230 1380 Sunt
242 1316 360 1379 reversi
373 1316 500 1396 gloriosi
513 1314 633 1381 uirtute
644 1312 778 1377 mirabili

142 1428 198 1505 et,
214 1440 279 1504 quo
293 1424 388 1485 durat
399 1427 442 1503 (2)
454 1424 514 1484 iste
527 1422 667 1485 mundus
680 1423 802 1484 honore
815 1417 985 1496 laudabili,

142 1533 263 1593 saneto
274 1529 397 1593 Christo
411 1531 640 1603 conseerarunt
653 1527 874 1607 perpulchram
888 1521 1069 1601 ecclesiam,

144 1639 182 1699 et
195 1653 254 1716 per
266 1637 377 1699 orbem
390 1636 574 1701 universum
586 1632 710 1699 Sanctis
722 1630 877 1696 mandant
890 1624 1040 1711 praemia.

145 1770 215 1834 Sed
227 1770 301 1851 tibi,
317 1770 436 1851 Regina
450 1770 549 1850 coeli,
564 1771 654 1834 stella
668 1768 765 1833 maris
776 1766 913 1847 inclyta,

147 1880 275 1941 donant
289 1882 404 1942 cuneta
418 1878 558 1958 pretiosa
569 1879 603 1940 et
612 1879 729 1941 cuneta
743 1873 875 1954 erinna,

147 1986 240 2048 unde
253 1989 309 2048 tua
322 1985 356 2047 in
369 1989 534 2049 aeternum
549 1982 726 2069 splenpepit
739 1979 894 2060 ecelesia,

148 2110 252 2174 auro,
268 2091 417 2173 gemmis,
433 2093 490 2168 [et]
503 2089 683 2170 margaritis
697 2092 729 2151 et
742 2086 843 2167 palliis
857 2083 1033 2165 splendida.

149 2227 281 2292 Clerieis
293 2227 348 2307 qui
359 2208 595 2305 remanserunt,
610 2227 762 2305 perpetuo
773 2221 901 2285 servitio
910 2224 971 2300 (3),

150 2335 357 2397 donaverunt
368 2337 475 2415 partes
489 2332 593 2407 du(as)
606 2330 766 2395 communi
778 2327 932 2408 oonsilio,

151 2440 202 2502 sic
214 2441 361 2522 volebas,
377 2444 410 2503 tu
422 2440 559 2521 Regina,
575 2440 621 2503 sio
630 2438 749 2518 rogasti
763 2437 864 2501 filium

152 2550 249 2628 euim
262 2548 324 2610 illis
334 2548 507 2628 praebuisti
517 2547 551 2610 in
565 2547 690 2610 cunetis
703 2545 869 2608 auxilium.

153 2680 202 2746 Sit
214 2682 284 2743 laus
297 2679 372 2762 tibi,
387 2681 479 2744 Trina
493 2684 594 2762 Deus,
613 2698 698 2742 unus
709 2681 743 2742 et
756 2679 923 2759 altissime,

153 2805 252 2868 super
264 2804 375 2852 omnes
390 2788 542 2868 gloriose,
557 2787 590 2851 in
604 2786 729 2850 eunetis
741 2784 932 2865 fortissime,

154 2893 211 2975 qui
223 2892 374 2975 timere[t]
387 2896 420 2956 et
432 2896 582 2972 amare[t]
591 2893 687 2975 <lebes
697 2908 792 2972 super
807 2892 837 2968 (l.
851 2890 984 2955 debetur
995 2893 1082 2970 peri)
1094 2886 1223 2965 omnia,

155 3002 249 3083 eujus
263 3003 372 3063 manet
384 2998 452 3062 sine
466 2998 530 3062 tine
543 2998 734 3078 sempiterna
747 2995 863 3077 gloria!

417 3213 517 3279 crana
529 3230 582 3277 sur
596 3212 720 3291 inmort
733 3214 768 3274 do
781 3212 940 3292 Lonsroor
954 3211 1005 3291 (l).

16 3362 18 3373 ‚
110 3361 113 3365 Ι
183 3484 187 3497 ¹
202 3402 249 3479 Eu
262 3399 327 3461 hell
341 3397 349 3460 i
365 3399 397 3479 (l.
409 3398 529 3475 Eheul)
542 3400 645 3479 ploret
657 3377 787 3481 anglia,
800 3399 895 3463 simul
908 3403 941 3465 et
953 3401 1041 3463 ltalia
1055 3450 1063 3482 ,

201 3506 334 3586 plangat
345 3506 493 3586 Francia,
508 3509 700 3589 lacrymetur
711 3512 744 3569 et
757 3508 959 3591 Alemannia,

188 3714 217 3768 (ll
231 3713 263 3758 la
276 3712 370 3769 position
387 3713 415 3757 da
426 3724 464 3758 ees
475 3713 515 3758 llas
533 3715 705 3759 nousestaussi
766 3714 796 3769 (l)
811 3713 837 3756 B.
856 3713 883 3758 de
904 3714 992 3767 nonai,
1011 3722 1039 3757 no
1059 3717 1111 3769 801,
1133 3724 1188 3760 rnre
1206 3716 1283 3771 situle,

160 3775 434 3820 entitrementineonnue.
739 3775 777 3820 tol.
792 3779 843 3827 152,
858 3783 890 3819 το.
906 3775 941 3821 ll·
956 3776 987 3821 Lo
998 3775 1053 3833 Glay
1068 3776 1130 3821 avait
1151 3777 1201 3833 dejl
1220 3779 1282 3833 parle

188 3838 218 3893 (2)
231 3839 353 3885 Paua-on
366 3836 447 3885 taut-ll
460 3837 501 3882 lire
514 3850 559 3895 quo
573 3838 644 3885 duret
659 3840 704 3885 tato
739 3837 766 3880 de
780 3848 806 3881 ce
820 3849 861 3880 ms.
877 3837 934 3881 dans
944 3849 980 3881 ses
994 3836 1117 3882 thoires
1139 3849 1182 3885 eur
1195 3837 1229 3883 lea
1242 3840 1282 3884 li-

159 3898 256 3947 mamdn
528 3910 531 3915 ⁴
738 3900 882 3958 lliotlttquea
900 3901 934 3945 du
947 3900 1024 3956 Nord,
1040 3916 1062 3959 p.
1074 3907 1126 3957 lla,
1141 3909 1163 3946 et
1175 3904 1230 3949 dans
1242 3917 1281 3951 son

189 3960 218 4016 (ὅ)
232 3961 364 4017 ll-yarlam
375 3961 551 4009 matematicos
566 3961 704 4021 unesrllalue
738 3962 819 4008 edition
841 3963 869 4007 de
891 3963 1005 4017 Balderie,
1039 3962 1171 4009 chronicon
1202 3979 1282 4012 conw-

163 4023 191 4067 de
204 4026 252 4079 trop
271 4034 316 4079 que
333 4021 354 4069 le
374 4023 443 4068 ehant
455 4023 587 4069 dissimulait
603 4037 644 4081 par
660 4035 704 4069 une
737 4037 835 4069 recense
857 4026 880 4068 et
900 4023 1056 4077 atrebatense,
1070 4039 1094 4082 p.
1116 4031 1173 4072 568:
1188 4027 1202 4071 ll
1221 4031 1283 4074 avait

163 4084 295 4141 synaltphe,
308 4085 348 4141 qui
362 4084 448 4140 deruit,
458 4085 473 4130 a
486 4097 555 4130 eausa
563 4085 591 4130 de
603 4087 623 4129 la
634 4086 703 4137 rime,
740 4091 812 4132 meme
821 4087 894 4144 publia
904 4087 936 4132 les
946 4087 1005 4132 deux
1016 4088 1138 4144 premieres
1144 4091 1246 4147 atrophos
1255 4091 1283 4135 de

165 4150 239 4201 portu
248 4147 365 4203 plutttsur
371 4148 488 4203 perpetuo
497 4159 541 4203 que
550 4160 589 4191 sur
598 4147 704 4193 cornilio.
742 4161 767 4194 ee
783 4150 838 4205 petit
852 4153 929 4205 poene
953 4161 981 4193 eu
1001 4148 1130 4206 imprimant
1143 4162 1183 4207 par
1204 4164 1282 4197 erreur
