3160 5196
613 502 778 557 -393—

275 641 369 704 parce
382 624 426 699 (1)
438 626 544 685 tamen
556 623 704 687 dominae
715 624 852 687 sustinet
862 629 1042 709 opprobria,

234 731 359 795 Scilicet
372 732 410 792 ut
423 731 521 810 longo
535 730 664 793 tandem
676 729 790 793 satiata
803 732 911 795 lurore

275 838 324 900 vel
338 836 384 899 sic
397 836 548 916 suscipiat
558 854 640 918 quae
652 837 785 901 rationis
802 841 906 901 erunt.

234 949 296 1007 Res
309 943 353 1006 ita
363 943 526 1024 provenit,
545 943 693 1006 dominae
707 943 865 1008 deferbuit
876 946 923 1007 ira

274 1051 360 1112 unde
374 1050 415 1112 sit
426 1049 459 1111 in
470 1050 667 1114 Machomem
675 1053 742 1131 jam
756 1052 862 1115 minus
875 1053 942 1133 ipsa
955 1054 1070 1133 gravis.

235 1160 383 1221 Laetatur
393 1158 592 1237 llaolromes,
607 1159 740 1239 supplex
752 1160 875 1223 accedit
888 1160 929 1222 ad
943 1150 1030 1222 illam

275 1268 370 1345 alque
381 1266 574 1327 salutantem
585 1264 691 1327 taliter
702 1265 875 1345 alloquitur
889 1294 897 1328 ε

237 1396 252 1429 «
267 1371 298 1434 Si
312 1389 439 1435 servum
452 1371 548 1434 velles
562 1371 674 1433 audire
688 1374 780 1437 tuum
793 1372 951 1452 patienter

274 1482 362 1551 (nam
375 1480 554 1540 Machomes
568 1477 716 1541 dominae
728 1497 795 1541 non
810 1478 871 1541 nisi
885 1496 996 1542 servus
1009 1478 1081 1553 erit)
1095 1525 1103 1558 ,

235 1583 266 1646 Si
281 1584 393 1666 velles,
408 1584 539 1664 inquam
551 1586 610 1665 (a),
625 1583 702 1646 mihi
717 1586 863 1665 credere,
878 1585 1023 1665 protinus
1035 1584 1142 1648 omnis

275 1692 321 1754 ira
335 1691 489 1771 dolorque
500 1694 557 1753 tuo
571 1690 699 1753 cederet
712 1709 754 1754 ex
767 1692 886 1755 animo.
900 1713 917 1749 o

236 1823 251 1857 a
264 1798 337 1878 Dic,
352 1818 367 1855 n
383 1796 503 1878 inquit,
523 1796 655 1877 «patiar
669 1800 813 1880 tantum,
832 1799 858 1861 si
872 1800 968 1862 verba
981 1799 1142 1881 loquaris,

274 1904 300 1967 si
314 1920 444 1966 menon
458 1904 593 1984 temptes
607 1904 716 1968 fallere
730 1923 820 1969 more
833 1908 901 1969 tuo.
919 1927 936 1963 n

236 2011 429 2093 Respondit:
447 2011 539 2074 «Nisi
552 2028 627 2076 vera
641 2013 765 2094 loquar,
781 2012 807 2076 si
822 2015 931 2077 fallere
946 2033 1115 2098 quaeram,

274 2119 417 2200 linguam
430 2120 576 2182 fallacem
591 2122 721 2199 gutture
736 2121 815 2185 velle
826 2139 897 2185 suo.
910 2144 927 2180 n

235 2225 434 2306 Propositum
447 2225 604 2305 praebens
617 2242 803 2308 assensum,
819 2227 995 2292 conditioni

274 2332 388 2395 annuit
401 2350 474 2412 ore,
489 2350 607 2414 manu,
623 2333 768 2414 protinus
779 2334 832 2396 ille
846 2336 966 2401 relert:

238 2463 253 2497 a
268 2440 359 2514 Quod
371 2457 423 2502 me
436 2439 568 2520 sperasti
582 2456 683 2520 nuper
696 2443 856 2504 tormenta
868 2442 1000 2523 tulisse,

275 2547 362 2609 nulla
376 2546 437 2609 fuit
446 2546 548 2609 morbi
560 2546 683 2629 passio,
698 2548 794 2611 crede
805 2548 883 2612 mihi
898 2579 907 2630 3

237 2656 279 2715 Pe
292 2654 382 2717 coelo
393 2653 495 2718 virtus
509 2653 543 2716 in
557 2671 608 2715 me
621 2653 804 2736 descendit,
818 2658 852 2717 ct
864 2654 951 2717 illam

277 2758 466 2822 immensam
480 2758 601 2839 fragilis
613 2761 696 2822 ferre
709 2758 852 2839 nequivit
861 2760 980 2823 homo:

236 2869 404 2946 Propterea
418 2865 518 2928 cecidi
532 2882 683 2945 spumans
697 2868 729 2926 et
741 2865 884 2928 membra
896 2867 1067 2946 volutans,

278 2990 344 3036 non
358 2972 432 3053 quia
446 2972 552 3053 passio
566 2990 618 3034 me
631 2971 758 3034 laeserit
771 2972 835 3033 ulla
849 2971 934 3034 mali.

237 3076 298 3141 Sed
311 3095 397 3140 nunc
410 3077 571 3141 mandatis
583 3077 701 3157 praebe
714 3076 904 3139 coelestibus
916 3094 1045 3159 aurem,

276 3183 448 3264 quaemihi
463 3183 503 3246 de
515 3184 605 3247 coelo
618 3183 751 3246 nuntius
765 3182 927 3263 explicuit.
963 3260 967 3268 Ι

236 3290 324 3354 Siout
336 3291 421 3357 enim
434 3292 558 3355 Gabriel
571 3292 782 3371 archangelus
795 3290 848 3353 ille
861 3290 977 3353 Mariae

277 3400 433 3465 adventus
444 3399 558 3463 Christi
572 3398 705 3462 nuntius
719 3402 794 3461 ante
808 3398 887 3479 luit,

237 3503 287 3568 Sic
301 3509 435 3569 ventura
449 3510 531 3569 Deus
544 3509 666 3569 reserat
678 3504 755 3567 mihi
767 3523 854 3567 nunc
867 3522 924 3584 per
937 3505 1105 3588 eumdem,

277 3613 310 3673 et
323 3610 439 3693 pietate
452 3613 557 3694 prius,
572 3615 605 3675 et
616 3612 856 3692 pietate'modo.

237 3718 394 3782 Naturalis
407 3718 492 3782 enim
506 3720 623 3800 primos
636 3718 848 3801 transgressio
859 3717 939 3798 legis

279 3825 389 3889 infecit
401 3830 508 3908 patres
522 3830 554 3891 et
568 3846 669 3908 genus
685 3848 780 3893 omne
794 3849 908 3914 suum,

238 3936 368 4016 Postea,
384 3936 499 4016 scripta
513 3936 567 3999 Dei
583 3937 702 4019 digito,
717 3939 815 4019 Moysi
827 3939 901 4002 data
915 3942 968 4002 lex
979 3943 1038 4021 est,

170 4179 198 4236 (il
214 4178 273 4225 Pace
289 4156 344 4227 dans
356 4182 385 4226 Α.
752 4188 777 4241 (a)
793 4185 876 4243 lnquit
888 4187 944 4230 dans
956 4185 981 4229 B.
