3162 5188
616 530 760 588 *15-

284 662 309 720 l·
312 656 347 718 iri
360 654 578 738 dilectissimi,
593 657 776 721 sacerdotes
789 656 860 740 Dei,

245 779 418 842 praecones
433 761 577 825 altissimi
591 764 624 824 et
636 761 788 825 lucernae
800 764 870 844 Dei,

243 864 387 928 Caritatis
398 864 498 928 radiis
511 867 672 946 fulgentes
684 871 718 930 et
730 866 813 949 spei,

244 971 371 1034 auribus
385 970 537 1052 percipite
555 972 651 1035 verba
665 970 730 1036 oris
742 971 816 1034 mei.

283 1097 345 1156 Vos
358 1111 447 1157 nuno
460 1093 494 1156 in
507 1093 642 1157 ecclesia
656 1098 721 1157 Deo
736 1093 917 1176 deservitis,

245 1216 324 1279 quos
337 1199 465 1264 vocavit
477 1200 624 1280 palmites
637 1200 781 1265 christus
793 1218 889 1266 verae
901 1200 991 1281 vitis,

244 1309 357 1369 Cavete
371 1324 412 1368 ne
426 1305 550 1369 steriles
563 1324 624 1369 nec
638 1306 724 1370 avari
739 1306 826 1388 sitis,

246 1411 272 1474 si
285 1429 342 1475 vos
356 1410 470 1475 Christi
484 1410 591 1493 stipite
604 1412 710 1477 vivere
722 1413 842 1478 velitis!

284 1537 347 1595 Vos
359 1532 434 1596 estis
448 1532 481 1595 in
496 1532 578 1597 atrio
591 1534 689 1596 boves
699 1538 744 1609 (l)
757 1533 937 1618 titulantes,

246 1636 419 1716 prudenter
432 1655 451 1699 a
464 1636 564 1718 paleis
579 1655 679 1718 grana
693 1642 893 1721 separantes,

247 1745 309 1803 Vos
322 1742 383 1805 hoc
396 1741 429 1804 in
442 1743 572 1823 speculo
585 1743 689 1822 legem
700 1742 755 1806 vix
768 1747 930 1825 amantes,
999 1784 1003 1794 ‹

247 1845 334 1908 beati
346 1847 399 1927 qui
414 1864 481 1909 non
495 1847 625 1928 fragiles
638 1850 715 1909 sunt
727 1865 788 1911 nec
800 1847 996 1929 ignorantes.

287 1957 447 2039 Quidquid
457 1958 567 2022 vident
579 1959 650 2023 laici
665 1959 753 2024 vobis
767 1959 931 2040 displicere

248 2062 385 2125 credunt
398 2061 466 2125 sine
478 2062 578 2126 dubio.
589 2063 648 2126 sibi
661 2081 727 2126 non
740 2063 852 2143 licere,

248 2171 285 2230 llt
296 2168 451 2248 quidquid
464 2168 575 2231 vident
587 2186 645 2233 vos
658 2186 733 2233 cum
746 2186 843 2252 opere
856 2168 985 2249 implere

249 2273 385 2336 credunt
398 2290 467 2335 esse
481 2271 604 2336 licitum
620 2274 653 2336 et
666 2274 759 2353 culpa
772 2290 891 2336 carere.

288 2386 471 2450 Secundum
483 2387 694 2468 apostolicum
707 2391 751 2463 (2)
764 2387 871 2451 omnia
884 2391 1017 2469 probate

249 2495 282 2577 et
294 2492 382 2572 quod
394 2493 515 2555 bonum
528 2493 625 2556 luerit
637 2493 718 2556 illud
729 2495 920 2577 approbate,

250 2602 328 2662 nate
339 2601 424 2662 bona
437 2598 608 2681 proximis,
623 2599 694 2663 illos
706 2602 739 2662 et
752 2604 875 2682 amate,

249 2721 325 2767 cum
338 2703 465 2785 cepistis
478 2702 633 2785 gratiam,
648 2707 681 2767 et
693 2720 751 2768 vos
764 2705 863 2784 gratis
876 2706 959 2770 date.

289 2821 399 2883 Estote
411 2818 553 2900 pacifici,
568 2817 681 2899 sobrii,
695 2818 885 2898 prudentes,

248 2923 348 3004 casti,
361 2923 420 3005 pii,
435 2920 611 3003 simplices,
622 2921 717 3003 J'usti,
739 2922 911 3005 patientes,

249 3027 442 3110 Hospitales,
457 3028 611 3109 humiles,
626 3026 771 3091 subditos
784 3029 952 3109 docentes,

250 3133 454 3195 consolantes
466 3130 615 3211 miseros,
630 3148 745 3212 pravos
758 3131 964 3211 corrigentes.

292 3244 365 3310 Sitis
377 3245 578 3327 breviloquii,
593 3263 634 3307 ne
647 3262 705 3309 vos
718 3245 759 3307 ad
770 3247 895 3306 reatum

251 3349 603 3431 trahatmultiloquium
617 3353 650 3411 et
662 3349 795 3413 verbum
806 3348 997 3429 exaltatum,

250 3454 388 3516 Verbum
400 3450 489 3533 quod
500 3451 676 3534 proponitis
689 3451 730 3513 sit
743 3451 939 3514 abreviatum
953 3480 960 3512 :

254 3577 328 3621 nam
341 3558 374 3621 in
385 3556 585 3638 multiloquio
599 3574 665 3620 non
679 3557 769 3619 deest
781 3560 957 3636 peccatum.

292 3685 403 3744 Vestra
416 3678 615 3745 conversatio
629 3678 670 3741 sit
680 3678 845 3760 religiosa,

252 3787 374 3850 munda
389 3783 600 3865 conscientia,
616 3783 680 3847 vita
695 3786 876 3867 fructuosa,

160 4002 186 4057 (l)
202 3997 312 4045 Titolors
327 3996 412 4053 signido
424 3997 452 4041 ioi
463 4008 516 4040 sans
530 3996 597 4042 doute
613 4009 675 4042 rem·
711 4009 767 4054 pour
783 3997 856 4041 haltra
868 3998 887 4042 le
898 3996 946 4052 ble3
961 3997 1018 4041 daus
1035 3997 1144 4053 quelques
1157 3998 1254 4044 endroits

138 4063 174 4119 plia
187 4073 232 4107 uuo
247 4060 361 4114 fonction,
376 4071 404 4104 en
418 4058 481 4103 avoir
495 4059 515 4102 le
530 4058 586 4102 titre
600 4063 623 4104 et
636 4070 677 4116 par
712 4071 740 4104 on
751 4058 791 4103 leit
799 4070 882 4105 encore
889 4058 959 4103 iouler
966 4058 999 4103 les
1009 4059 1089 4115 gerbes
1095 4071 1147 4104 sous
1154 4061 1186 4106 les
1193 4062 1254 4119 pleds

137 4126 190 4169 suits
209 4126 232 4169 la
247 4123 344 4178 charg03
362 4132 433 4177 roger
450 4121 481 4164 du
495 4119 582 4176 Gange,
599 4121 677 4173 tvl,
712 4121 752 4165 des
762 4121 872 4166 euersor.

138 4200 156 4242 l·
167 4192 215 4241 ⁴⁹⁷2
230 4187 273 4230 ⁰⁰¹·
283 4189 305 4228 2·
321 4183 339 4228 ΙΙ
352 4183 435 4228 ΜΗΘ
445 4183 540 4227 ῐόθΰῑῑθῑ
550 4181 578 4226 (¹⁶
589 4181 610 4227 ΙΙ
621 4180 678 4238 ”sm
691 4214 695 4220 ·
740 4192 768 4247 ts)
778 4192 944 4237 §ons-entendu
954 4191 1051 4237 vertum
1058 4203 1086 4237 ou
1094 4193 1239 4240 mandatum.

138 4250 235 4292 sarirante
245 4259 291 4302 que
303 4247 345 4290 l’on
360 4258 384 4289 se
398 4245 465 4289 serait
481 4244 541 4288 servi
554 4244 594 4288 des
607 4244 678 4288 boeuis
