3146 5192
785 438 929 493 ..86-

450 568 489 630 Se
502 582 670 645 passurum
683 563 870 644 praedicans
879 564 993 625 lhesus
1003 563 1119 642 prohra
1129 561 1249 643 gentis,

451 670 497 734 sic
508 689 648 735 errorem
660 670 767 734 renuit
780 671 862 734 Petri
877 670 1062 752 renitentis,

451 774 589 836 Thomae
600 791 663 837 vox
677 773 757 837 haec
770 774 895 837 aemula
908 773 996 837 vocis
1005 777 1055 837 est
1068 774 1229 855 sequentis
1242 803 1250 835 ι
1274 786 1280 793 “

456 882 534 947 vade
544 884 649 964 retro,
662 884 794 963 satana,
809 881 914 945 camis
926 884 1002 945 sunt
1013 899 1096 962 quae
1107 881 1215 944 scutis.

452 1017 584 1094 imperat
595 1017 628 1076 et
640 1013 788 1094 impetrat
799 1012 897 1094 patris
909 1030 973 1077 vox
984 1028 1112 1092 severa,

451 1116 571 1180 cedunt
581 1115 719 1196 ostiarii,
735 1112 820 1179 cedit
830 1116 920 1194 pulsa
934 1132 1025 1195 sera,

451 1224 572 1286 intrant
584 1241 680 1287 canes
693 1222 810 1305 Stygii,
824 1224 908 1289 duce
921 1227 969 1305 te,
985 1228 1150 1305 Megaera,

453 1332 619 1397 homiuum
631 1330 665 1392 iu
677 1328 782 1410 specie
795 1329 966 1393 daemones
979 1347 1099 1394 revera.

448 1465 570 1531 strictis
582 1464 704 1527 intrant
718 1462 847 1545 gladiis,
862 1463 972 1529 efflant
986 1465 1072 1527 huuc
1086 1465 1226 1529 furorem
1242 1493 1249 1526 ι

453 1571 578 1632 hostem
589 1567 680 1648 regui
693 1565 893 1649 quaerimus,
908 1566 993 1646 regis
1003 1566 1217 1648 proditorem,

454 1676 607 1738 Thomam
619 1672 840 1753 temerarium,
853 1671 1009 1751 perfidum
1021 1674 1201 1755 pastorem,

453 1784 585 1863 iamiam
595 1797 692 1863 quem
705 1781 754 1842 est
764 1777 897 1842 meritus
910 1776 1026 1841 sentiet
1039 1778 1190 1840 furorem.

457 1921 513 1984 llio
526 1938 616 2001 sum,
631 1918 675 1982 ait
688 1918 799 1999 legiler
813 1920 948 1982 Satanae
960 1915 1108 1996 collegis,

456 2043 560 2106 neque
573 2041 673 2105 regno
686 2023 826 2104 pestifer,
840 2040 900 2086 uec
909 2021 1005 2089 saluti
1018 2021 1103 2101 regis
1114 2048 1123 2103 5

459 2132 594 2195 Thomas
607 2146 697 2211 sum,
713 2127 862 2193 dominici
874 2128 978 2191 dictus
991 2131 1100 2208 pastor
1111 2127 1231 2207 gregis,

459 2253 517 2316 pro
530 2236 630 2297 tutela
643 2232 753 2314 perimi
767 2234 932 2312 promptus
945 2249 1054 2294 sacrae
1067 2230 1147 2313 legis
1157 2237 1211 2307 (l).

459 2378 529 2437 Nou
542 2391 561 2434 a
575 2372 650 2435 dolo
663 2371 756 2434 dolus
766 2372 815 2432 est
828 2369 900 2432 talis
913 2370 1053 2449 alienus,

461 2495 526 2559 quo
539 2476 572 2539 iu
585 2475 745 2541 Christum
758 2474 850 2537 irruit
861 2477 973 2538 coetus
986 2475 1061 2538 ‹lolo
1074 2475 1187 2554 plenus
1200 2499 1208 2553 3

464 2581 562 2643 hahet
574 2579 608 2642 id
619 2579 708 2660 quod
720 2578 849 2660 legitur,
864 2579 926 2642 hoc
939 2577 1091 2660 loquendi
1104 2595 1226 2659 genus:

462 2703 523 2766 ego
536 2702 608 2748 sum
620 2701 716 2765 quem
725 2682 896 2766 quaerih's,
911 2684 1024 2749 lhesus
1034 2688 1225 2771 Nazareuus.

463 2828 498 2887 lu
511 2823 637 2887 meandi
651 2822 732 2886 serie
744 2824 874 2887 lhesum
887 2823 1044 2905 imitatus,

464 2946 533 2991 sese
545 2930 650 3008 palam
661 2928 777 2991 obtulit
788 2930 902 3008 sponte
914 2929 1114 3009 propalatus,

464 3028 517 3092 hic
530 3032 579 3091 est
591 3027 733 3093 Christus
746 3028 875 3110 obvius,
890 3028 942 3092 hic
952 3029 1052 3093 ludae
1063 3030 1186 3108 reatus,

462 3132 515 3196 hio
526 3150 544 3195 a
557 3132 794 3213 magistratibus
805 3132 922 3199 missus
932 3152 1012 3217 grex
1026 3135 1179 3197 armatus.

464 3270 591 3334 luhiaut
604 3252 637 3333 et
649 3272 762 3335 ineunt
778 3272 882 3335 scelus
892 3269 1037 3334 scelerati
1050 3295 1058 3350 3

464 3377 606 3439 membra
619 3381 715 3457 caput
725 3378 883 3458 lacerant,
901 3378 1023 3455 patrem
1036 3376 1153 3436 necant
1164 3371 1248 3453 nati,

465 3480 644 3544 homicidae
656 3482 799 3563 plurimi,
815 3499 881 3545 uno
892 3482 961 3545 viso
972 3480 1052 3560 pati,

467 3584 634 3666 monachi,
649 3585 812 3667 canonici,
827 3587 1004 3667 praesules,
1019 3586 1126 3665 legati.

468 3725 529 3785 Res
542 3721 698 3800 stupenda
709 3720 861 3803 posteris,
876 3722 990 3784 horror
1001 3723 1062 3785 hac
1075 3724 1179 3785 aetate
1192 3720 1199 3780 i

470 3844 536 3890 uon
550 3830 699 3890 arcentur
713 3827 808 3907 gladii
819 3827 880 3892 loci
895 3828 1081 3907 sanctitate,

321 4046 415 4161 [swam
428 4048 447 4093 le
459 4054 522 4106 poete
536 4048 581 4093 suit
591 4053 733 4094 exactement
744 4047 861 4102 l’histoire;
876 4061 944 4104 vopez
958 4048 979 4093 le
995 4047 1046 4094 vata
1058 4044 1254 4104 quadripartito,
1268 4045 1283 4089 Ι.
1299 4057 1333 4100 m,
1347 4044 1384 4091 ch.
1399 4048 1434 4098 ll,
1456 4073 1458 4077 -
