3118 5198
726 420 887 479 -tet-

390 546 449 622 Qui
463 548 552 610 ducit
568 551 737 628 conjugem
751 564 918 611 rancorem
932 546 1051 625 intulit,

387 654 488 734 pascit
501 654 678 719 adulteram
692 672 774 736 quae
788 659 833 731 (t)
846 672 881 717 se
894 652 1074 734 prostituit,

387 763 508 842 prolem
520 764 563 838 (2)
577 763 707 826 alterius
720 762 891 825 haeredem
904 761 1016 824 statuit

388 868 436 930 vir
447 870 479 948 (l.
495 873 540 945 et)
552 869 654 932 nutrit
666 868 767 932 lilium
779 885 875 950 quem
888 869 968 930 alter
983 867 1104 948 genuit.

388 1005 474 1066 Uxor
487 1002 630 1065 adultera
646 1001 776 1065 dimisso
790 1002 929 1082 gremia,

389 1128 454 1172 nen
467 1114 511 1186 (3)
524 1113 629 1189 potest
641 1109 733 1190 argui
746 1110 786 1172 de
798 1108 956 1173 adulterio
970 1137 978 1168 ι

388 1218 425 1277 ut
438 1215 528 1278 navis
542 1215 699 1277 transiens
713 1215 746 1277 in
760 1215 839 1278 mari
853 1214 959 1279 medin

388 1340 454 1386 uon
468 1321 746 1403 comprehenditur
759 1324 825 1386 ullo
841 1322 986 1404 vestigio.

389 1454 444 1518 llic
459 1455 550 1518 dolor
565 1455 724 1518 maximus
738 1459 787 1518 est
800 1460 833 1518 et
846 1454 1066 1537 opprobrium,

390 1566 562 1643 conceptus
575 1563 617 1639 (t)
630 1562 715 1626 tilius
728 1581 784 1643 per
795 1563 1005 1642 adulterium3

389 1686 485 1749 quem
499 1687 582 1732 uxor
594 1670 720 1751 propria
734 1671 795 1734 seit
808 1689 876 1735 esse
890 1672 1054 1753 spurium,

390 1776 524 1840 maritus
538 1780 645 1841 fatuus
656 1780 793 1860 appellat
806 1778 916 1842 filium.

391 1916 477 1975 Uxor
490 1913 635 1976 adultera
646 1930 681 1976 se
694 1913 803 1977 multis
816 1915 944 1993 copulat

392 2023 425 2083 et
438 2019 644 2083 nihilominus
657 2036 692 2082 se
706 2023 826 2084 castam
837 2020 966 2083 simulat
977 2024 1038 2103 (5),

393 2130 426 2189 et
435 2129 467 2204 (Ι.
483 2127 527 2205 at)
540 2126 588 2189 vir
601 2126 743 2207 quotidie
756 2127 904 2189 laborans
918 2128 1028 2190 exulat

394 2238 426 2296 et
438 2234 539 2314 pascit
550 2232 701 2297 feminam
714 2251 810 2313 quam
824 2235 903 2296 alter
916 2234 1054 2296 baeulat.

394 2371 477 2430 llaec
490 2370 539 2428 est
551 2366 702 2446 iniquitas
715 2365 818 2429 omnis
832 2366 994 2429 adulterae

393 2489 476 2551 quae
490 2470 594 2535 virum
611 2470 773 2552 proprium
786 2472 881 2533 vellet
894 2490 960 2535 non
974 2472 1100 2554 vivere,

395 2581 432 2640 ut
442 2578 496 2640 det
509 2578 654 2640 adultero
670 2596 737 2641 non
750 2580 853 2641 cessat
865 2596 995 2661 rapere3

396 2682 527 2746 desistat
538 2681 636 2764 igitur
647 2686 750 2747 clerus
763 2703 850 2748 nune
862 2686 983 2748 nubere
997 2686 1040 2766 (6)
1053 2686 1060 2748 1

396 2822 431 2880 ln
445 2817 639 2898 adjuterium
653 2818 696 2896 (7)
708 2819 792 2883 faeta
805 2820 854 2880 est
866 2818 1001 2900 femina,

396 2926 433 2987 ut
444 2925 544 2987 salvet
558 2923 708 3005 germinis
720 2924 761 3003 (8)
774 2924 905 2986 humani
917 2924 1036 2988 semina
1049 2952 1057 3006 3

396 3031 430 3093 in
441 3031 564 3094 eunetis
578 3031 647 3094 aliis
660 3033 709 3093 est
721 3029 779 3094 viri
792 3032 825 3106 (l.
840 3031 921 3108 vire)
932 3031 1074 3113 sarcina,

396 3141 549 3201 ettamen
562 3137 682 3201 demini
696 3139 765 3202 vult
776 3156 846 3201 esse
860 3139 998 3202 demina.

395 3273 512 3332 Natura
525 3271 566 3351 (9)
578 3269 691 3333 mulier
704 3272 753 3332 est
766 3270 946 3353 irascibiliS,
964 3254 970 3265 ¹

396 3377 493 3439 fallax
506 3379 540 3439 et
551 3376 658 3441 invida
667 3379 705 3438 *et
718 3395 883 3457 uunquam
896 3377 1024 3439 humilis
1035 3404 1044 3457 3

369 3483 529 3571 ,maritus
543 3485 646 3545 laetus
661 3484 709 3545 est
723 3484 821 3545 asello
835 3481 956 3564 similis,

396 3589 450 3669 qui
463 3592 512 3652 est
524 3590 566 3652 ad
579 3607 677 3654 onera
690 3607 814 3671 semper
824 3590 989 3669 passibilis.

285 3762 315 3805 (l)
328 3760 383 3816 Qui.
903 3769 998 3802 lohannes
1007 3769 1093 3822 seqnitur
1102 3770 1204 3824 iniquo-est
1213 3772 1288 3813 gratia,

288 3834 317 3877 (2)
332 3831 435 3875 Panum.
651 3827 653 3829 ¹
901 3813 1221 3899 fflic‘uipiifflffir‘ffiiid.

286 3900 315 3943 (3)
329 3899 383 3944 Vix,
901 3906 919 3935 et
928 3903 955 3934 lta
963 3903 1047 3944 disputat
1055 3912 1110 3944 super
1118 3904 1214 3945 conlugiu.

286 3970 315 4014 (ll
329 3971 461 4028 Susceptus.
863 3974 893 4017 (7)
907 3968 1033 4024 Adjutorie.

285 4034 316 4082 (5)
326 4048 396 4078 etcum
404 4046 494 4080 adulter-le
503 4057 522 4080 se
534 4051 591 4081 tetam
602 4050 688 4081 meeum.
863 4044 893 4086 (8)
906 4038 1009 4084 Generis.

286 4108 316 4154 (6)
329 4103 405 4149 Golias
417 4105 511 4151 nubere.
530 4105 565 4150 0n
579 4106 604 4149 lit
617 4107 719 4151 ensuite:
862 4112 892 4156 (9)
906 4110 964 4155 Nam
976 4111 1057 4156 omnis.
