3146 5192
600 488 640 497 —-
655 459 707 515 171
727 482 779 498 -·⁴

217 580 341 640 Partem
353 598 482 660 quoque
496 583 667 646 maximam
681 586 910 646 subtraxerunt
924 587 1027 663 fures,

219 682 334 746 deinde
347 684 511 749 residuum
524 690 734 752 comederunt
746 707 872 767 mures3

219 792 254 851 et
263 792 295 865 (l.
308 794 372 868 at?)
385 793 411 854 si
425 793 507 856 scire
519 795 651 859 forsitan
665 796 830 860 veritatem
845 813 956 877 cures,

220 899 317 959 testes
329 898 384 960 tihi
401 900 547 964 dabimus
560 901 614 983 qui
626 902 775 966 viderunt
787 904 904 982 plures.

219 1030 278 1104 Qui
292 1049 357 1095 non
369 1034 488 1096 habent
501 1036 613 1098 biblias
625 1040 669 1112 (t)
683 1036 740 1098 sibi
755 1039 977 1117 praeparatas,

221 1137 268 1201 sic
280 1139 389 1203 fantur
402 1142 557 1224 episcopis
572 1171 580 1206 ε
596 1146 728 1206 Multum
741 1143 922 1206 diffamatae

227 1245 349 1308 habetis
363 1247 505 1312 dioceses
519 1254 551 1314 et
562 1250 801 1332 coinquinatas3

224 1352 314 1415 nobis
328 1358 454 1418 constat
467 1357 614 1421 haereses
628 1357 670 1420 ibi
685 1358 866 1420 seminatas.

224 1489 292 1549 Non
305 1491 440 1551 utuntur
451 1491 555 1554 clerici
569 1492 669 1555 nostri
681 1492 895 1557 vestimentis:

225 1594 279 1656 sed
291 1599 402 1658 tenent
414 1598 566 1680 focarias,
581 1600 667 1680 quod
680 1600 799 1663 clamor
812 1603 861 1661 est
875 1597 978 1678 gentis

225 1811 310 1889 quod
323 1812 584 1891 engradientibus
597 1816 689 1893 pacet
700 1811 908 1893 argumentis.

223 1947 284 2006 Aut
298 1945 377 2007 haec
392 1944 554 2025 inquisitio
568 1947 660 2008 nohis
677 1946 927 2025 committetur,

223 2051 325 2114 autin
338 2069 398 2116 nos
412 2052 542 2115 infamia
556 2056 625 2116 tota
639 2057 854 2118 convertetur.

223 2162 376 2222 Annuunt
389 2159 526 2240 episcopi
542 2188 550 2223 ι
567 2179 642 2223 nam
654 2161 789 2242 quisque
801 2164 941 2240 veretur,

224 2265 256 2327 ni
269 2266 438 2344 favere[n]t
451 2267 629 2350 Fratribus,
644 2268 731 2349 quod
744 2267 941 2333 actitaretur.

225 2401 422 2481 inquirentes
435 2400 533 2480 igitur
545 2402 647 2482 primo
661 2401 849 2465 clericorum

225 2508 341 2571 devita
354 2509 557 2590 umoribus,
574 2512 647 2590 post
659 2510 739 2571 haec
751 2508 924 2589 laicorum3

224 2615 367 2680 scribunt
380 2621 505 2680 Fratres
518 2617 652 2683 divitum
663 2620 791 2698 peracta
803 2635 947 2697 reorum,

224 2726 257 2785 ct
267 2741 334 2787 non
345 2728 459 2787 curant
472 2724 610 2787 scribere
621 2725 731 2805 culpas
748 2742 933 2804 egenorum,

224 2856 343 2921 Dehinc
357 2876 448 2920 reum
461 2862 642 2924 convocant
654 2863 704 2940 et,
721 2861 813 2921 turha
825 2862 958 2940 rejecta,

225 2963 358 3028 dicunt:
374 2969 436 3028 {sta
450 2966 583 3029 crimina
595 2969 671 3029 sunt
682 2965 738 3027 tihi
751 2967 896 3046 objecta3

225 3088 308 3150 pone
320 3072 416 3135 libras
430 3072 612 3153 quindecim
625 3073 659 3135 in
672 3076 782 3136 nostra
798 3074 950 3152 collecta,

227 3183 259 3241 et
271 3182 327 3243 tua
339 3179 459 3261 flagitia
472 3199 539 3243 non
552 3183 647 3243 erunt
662 3181 798 3243 detecta.

229 3316 310 3377 Deus
318 3314 351 3393 (l.
359 3318 456 3389 Reus)
464 3314 520 3376 dat
529 3313 689 3396 denarios,
697 3318 823 3376 Fratres
834 3312 987 3393 scriptum
995 3313 1135 3375 reddunt
1147 3313 1180 3388 (l.
1193 3329 1248 3373 ra-

230 3421 271 3482 sit
283 3421 315 3500 (l.
329 3420 385 3495 sic)
396 3421 529 3483 infames
542 3421 669 3502 plurimi
682 3439 738 3502 per
750 3424 921 3497 numtmms
936 3420 1077 3486 evadunt
1091 3448 1098 3481 ι
1124 3420 1248 3500 [dunt);

230 3526 283 3608 qui
296 3546 363 3591 non
373 3529 407 3603 (l.
422 3530 524 3590 totam
534 3532 559 3604 i)
569 3527 738 3607 pecuniam
753 3546 848 3609 quam
862 3531 991 3610 petunt,
1004 3546 1070 3591 non
1084 3527 1227 3607 tradunt,

230 3634 322 3697 simul
334 3635 392 3712 (iu)
405 3633 568 3697 intamiam
581 3639 613 3697 et
627 3634 659 3698 in
670 3653 807 3715 poenam
821 3635 951 3697 cadunt.

228 3772 302 3833 Post
315 3770 396 3832 haec
407 3769 449 3832 ad
461 3768 644 3850 episcopos,
658 3769 763 3832 bursis
777 3768 822 3831 sic
833 3769 978 3851 repletis,

228 3878 424 3941 revertentes
435 3874 585 3955 inquiunt
597 3904 605 3938 z
621 3876 766 3938 Gaudere
780 3875 901 3939 dehetis
914 3903 922 3956 3
936 3891 940 3899 ·

163 4080 191 4135 (¹)
210 4081 293 4126 Lierea
301 4097 309 4134 ;
331 4093 359 4125 on
380 4082 400 4124 le
420 4088 552 4127 retrouvera
569 4084 619 4139 ptus
636 4082 676 4126 bas
711 4082 792 4126 edition
805 4082 872 4125 dedu
885 4081 960 4137 Gange
974 4094 1002 4126 nc
1011 4081 1082 4127 donne
1095 4092 1140 4137 que
1154 4078 1249 4124 aiaton

141 4149 190 4186 aveo
209 4143 229 4188 ia
248 4147 322 4188 meme
342 4142 490 4197 signitication
508 4155 514 4186 ε
535 4144 555 4187 lu
576 4145 676 4188 nouvelle
