3146 5192
572 509 736 563 -lol-

187 647 386 693 conservans
398 628 530 693 viriliter
543 648 660 710 corpus
673 632 907 714 incorruptum,

189 740 277 802 buno
289 740 382 819 plane
396 736 542 817 diligeret
557 738 706 801 dominus
719 740 883 805 virtutum.

190 863 252 926 Sed
264 881 331 926 non
343 863 447 943 placet
459 862 607 926 omnibus
621 865 700 926 baec
714 868 930 947 consuetudo,

191 969 266 1049 quia
279 971 384 1050 placet
396 967 531 1049 amplius
546 970 661 1032 bursae
675 972 856 1055 plenitudo,

192 1076 359 1140 universos
373 1075 470 1138 allicit
482 1075 566 1138 cutis
579 1077 777 1159 pulcritudo,

126 1167 129 1172 ⁸
194 1182 290 1246 bodie
301 1182 356 1246 vix
369 1181 507 1263 aliquem
520 1183 613 1246 decet
623 1185 816 1249 sanctitudo.

195 1308 251 1371 Ubi
264 1310 342 1370 sunt
354 1307 526 1371 Ecclesiam
540 1308 573 1370 in
586 1308 710 1372 Christo
723 1315 887 1391 regentes,

196 1414 249 1493 qui
262 1413 362 1478 velint
372 1414 511 1477 existere
524 1414 777 1496 benefacientes,

198 1521 414 1601 exemplorum
426 1520 541 1584 levitae
553 1524 679 1583 tantum
693 1523 889 1603 relucentes,

198 1631 233 1689 ut
244 1628 403 1690 laetentur
414 1627 532 1708 pariter
545 1632 577 1690 et
592 1630 736 1691 exultent
751 1633 883 1708 gentes?

198 1749 242 1811 Nil
253 1750 367 1814 volunt
379 1749 482 1813 solatii
496 1749 631 1812 subditis
644 1752 805 1831 conferre,

199 1861 246 1936 ct,
261 1874 335 1920 cum
348 1858 446 1919 modo
462 1859 631 1919 conterant
644 1860 747 1919 totum
759 1859 914 1920 mundum
927 1877 1078 1939 guerrae,

198 1965 310 2025 nolunt
324 1980 359 2026 sc
369 1980 428 2043 pro
442 1962 514 2024 filiis
527 1965 622 2025 lsrael
636 1962 753 2025 offerre

198 2074 233 2132 ut
246 2070 279 2133 in
290 2088 371 2151 pace
383 2073 534 2133 maneant
546 2087 658 2133 omnes
672 2070 752 2132 fines
764 2074 877 2133 terrae.

197 2198 230 2255 ln
243 2194 400 2256 bellorum
411 2193 538 2255 turbine
551 2193 590 2254 de
605 2196 670 2255 Deo
685 2192 848 2281 dillidunt,

198 2302 255 2363 bos
265 2304 387 2364 norunt
400 2303 542 2363 metuere
553 2301 608 2381 qui
623 2301 761 2380 cor(p)us
773 2300 942 2380 occidunt,

198 2426 307 2472 omnes
320 2408 352 2471 in
366 2408 521 2489 pecuniae
532 2407 691 2470 thesauris
705 2407 888 2487 confidunt,

198 2515 319 2578 assides
332 2515 374 2594 (1)
387 2517 420 2576 et
430 2513 553 2578 validos
568 2512 686 2575 debiles
697 2512 829 2576 elidunt.

198 2641 220 2699 l
234 2637 312 2700 foris
328 2636 505 2716 suscipiunt
518 2637 641 2699 cultum
655 2637 845 2716 pastoralem
860 2663 868 2716 5

198 2761 360 2824 uunquam
374 2742 533 2823 degustati
548 2746 625 2805 sunt
638 2759 771 2805 coenam
784 2741 953 2822 spiritalem
967 2791 973 2807 .

198 2868 261 2913 non
275 2850 431 2913 babentes
442 2849 528 2929 apud
538 2866 572 2910 se
586 2851 706 2912 vestem
719 2848 893 2928 nuptialem
908 2875 916 2928 3

200 2959 330 3036 agentes
341 2955 490 3037 operibus
500 2972 612 3018 curam
623 2955 880 3033 mercennalem(
902 2958 920 3025 l.

198 3081 248 3143 lsti
259 3083 336 3143 sunt
348 3097 429 3160 quos
440 3079 580 3167 tumidos
595 3078 691 3141 efficit
703 3082 843 3157 potestas

198 3191 229 3250 et
240 3206 321 3268 quos
336 3203 501 3267 nunquam
516 3185 612 3248 afficit
622 3203 797 3265 pauperum
810 3188 935 3265 egestas
948 3211 955 3264 3

198 3294 255 3357 bos
268 3292 403 3356 districti
412 3291 529 3373 judicis
542 3292 700 3372 opprimet
713 3296 881 3373 majestas,

198 3404 287 3482 cujus
301 3401 333 3464 in
347 3399 482 3464 circuitu
497 3398 602 3463 valida
619 3402 800 3479 tempestas.

198 3525 311 3586 Omnes
324 3521 474 3586 avaritiae
488 3524 606 3583 coeunt
619 3524 778 3584 caetatum
787 3523 848 3601 (3),

175 3651 177 3656 ·
197 3647 250 3692 ore
263 3632 402 3710 psalmos
413 3629 589 3709 ruminant,
604 3628 637 3690 in
652 3628 747 3690 corde
759 3632 954 3707 mercatum,

196 3753 318 3817 nonne,
335 3736 412 3798 dum
425 3753 490 3797 non
505 3734 648 3815 cogitant
661 3733 783 3796 Domini
797 3735 998 3809 mandatum,

197 3861 307 3906 eorum
321 3842 424 3907 oratio
438 3843 493 3905 liet
506 3842 537 3904 in
549 3844 735 3922 peccatum?

134 4018 160 4072 (l)
186 4020 246 4065 Pour
268 4020 395 4073 auidum,-
420 4025 479 4065 cette
504 4020 642 4065 eontractlou
704 4020 733 4074 (ἲ)
755 4019 910 4074 lleroenairc;
932 4033 958 4065 ca
977 4028 1023 4066 mot
1041 4035 1140 4079 manquo
1156 4034 1216 4075 aussi

111 4079 160 4123 u'eot
171 4093 210 4137 pas
223 4082 326 4140 ludlquee
339 4083 395 4128 dans
411 4082 432 4126 la
446 4081 547 4126 nouvelle
561 4081 642 4126 edition
678 4081 734 4125 daus
747 4082 767 4124 lc
778 4081 807 4124 du
817 4079 892 4137 Gange
901 4081 929 4126 de
938 4082 968 4128 ll.
983 4083 1102 4130 llenscbel.

112 4139 261 4198 dedussnnge.
704 4142 1058 4199 [allent-etracommat'oetua,
1069 4146 1218 4207 §nicaenum

679 4206 693 4248 il
705 4217 733 4249 ne
743 4216 768 4250 se
781 4210 859 4251 trouve
872 4206 927 4251 dans
937 4219 1011 4252 aucun
1021 4209 1136 4265 glossario.

1098 4273 1129 4328 11
