3162 5188
817 435 960 491 -74-

471 554 573 638 llinis,
587 557 728 638 probris,
742 558 835 621 minis
849 562 898 622 est
909 559 1033 639 publice
1044 563 1210 643 pulsatus,

470 664 579 725 mitem
591 663 679 725 furor
691 662 830 744 impetit,
844 666 882 727 ut
895 665 1024 728 ihesum
1041 666 1179 750 Pilatus,

470 785 536 830 non
551 769 653 848 tacet,
670 785 735 830 non
745 767 879 849 titubat,
894 787 960 833 non
973 773 1023 834 est
1034 770 1239 854 immutatus,

470 890 535 935 non
548 875 597 935 est
610 874 684 934 ante
696 872 814 935 Baalim
825 873 934 938 timide
948 880 1110 943 curvatus.

469 996 545 1055 Cum
559 992 683 1055 Nabotlr
693 991 834 1072 legitime
847 997 955 1057 mente
968 997 1122 1077 stabilita,

468 1098 614 1179 perdam,
629 1097 692 1178 ait,
706 1097 814 1177 potius
825 1098 952 1163 vineam
963 1118 1038 1165 cum
1051 1102 1133 1184 vite,

468 1220 564 1283 quam
576 1202 609 1264 in
620 1204 750 1267 hortum
761 1204 883 1266 olerum
897 1203 955 1286 sit,
970 1223 1022 1269 me
1034 1207 1147 1289 dante,
1164 1209 1256 1288 trita,

468 1310 502 1368 et
514 1306 650 1369 tutando
664 1306 807 1388 vineam,
823 1312 888 1371 stat
898 1313 1041 1374 armatus
1054 1311 1109 1375 ita.

468 1432 547 1492 Cum
559 1429 616 1492 Job
627 1427 779 1507 patientia
792 1430 943 1495 membris
955 1431 1114 1516 loricatis,

467 1536 596 1595 scutum
608 1533 667 1596 sihi
684 1534 833 1614 praetulit
847 1537 952 1599 bonae
970 1540 1165 1622 voluntatis,

467 1636 571 1699 munit
584 1636 674 1699 illum
686 1638 796 1702 lancea
812 1640 1079 1724 longanimitatis,

468 1739 566 1803 cassis
579 1739 662 1820 spei,
678 1741 803 1821 gladius
815 1738 903 1806 'verbi
917 1744 1069 1809 veritatis.

465 1863 569 1926 Armis
580 1864 651 1926 fidit
662 1865 795 1946 talibus,
809 1869 846 1928 ut
859 1869 1039 1947 perterrens
1049 1871 1118 1952 leo,

467 1965 512 2028 nil
525 1966 626 2030 leonis
640 1966 768 2048 tumidi,
785 1967 829 2029 nil
839 1969 970 2033 laevum
981 1969 1015 2033 in
1027 1988 1081 2052 eo,

467 2076 571 2137 solum
584 2074 617 2137 id
631 2075 808 2138 conaminis
818 2074 852 2138 in
866 2076 928 2138 lroc
942 2094 1078 2141 nazareo
1091 2083 1156 2154 (l)=

467 2179 548 2241 mori
562 2178 628 2241 sive
641 2178 747 2242 vivere
759 2197 825 2242 non
837 2180 962 2244 offenso
973 2185 1049 2244 Deo.

466 2305 536 2367 Stat
548 2303 581 2365 in
592 2306 681 2383 petra
695 2303 828 2369 firmiter
841 2303 925 2366 firmi
937 2306 1137 2370 fundamenti
1150 2334 1158 2389 3

467 2406 628 2471 infirmare
639 2408 757 2489 nequid
768 2410 802 2484 (l.
816 2408 938 2489 nequit)
951 2412 1038 2475 hunc
1049 2411 1167 2475 fluctus
1183 2412 1230 2476 vis
1242 2416 1291 2476 vel
1305 2414 1412 2495 venti,

468 2514 559 2576 deest
571 2516 673 2594 pallor
686 2513 805 2595 vultui,
822 2513 912 2577 deest
924 2515 1022 2580 timor
1034 2518 1154 2599 menti,

467 2619 587 2682 Danieli
602 2637 709 2684 comes
722 2625 767 2696 (2)
779 2623 829 2683 θεῖ
842 2621 926 2685 feras
938 2640 1010 2686 non
1019 2622 1153 2687 timenti.

466 2744 507 2805 ut
518 2741 552 2803 in
566 2759 686 2821 agnum
699 2741 825 2804 irruant
837 2739 903 2822 lupi
916 2741 1118 2825 circumfusi,

467 2849 608 2910 tractant
621 2846 661 2909 de
675 2845 819 2927 legifero,
834 2844 958 2924 legibus
970 2847 1083 2928 abusi,

455 2950 525 3013 ‘sed
533 2968 601 3013 nox
614 2953 738 3031 patrem
751 2949 880 3031 liberat,
896 2951 998 3014 tutrix
1009 2951 1170 3015 interclusi
1183 2979 1192 3034 3

469 3055 679 3118 verberantur
692 3072 816 3135 aerem,
832 3073 915 3119 vana
929 3073 984 3135 spe
999 3057 1122 3134 delusi(
1148 3064 1168 3133 ).

471 3191 515 3249 Ne
529 3189 717 3267 augmentat
729 3190 797 3263 (sic)
810 3187 997 3250 scandalum
1010 3191 1113 3268 major
1126 3188 1256 3268 angaria
1271 3191 1330 3269 (t),

350 3363 382 3419 (ι)
397 3364 493 3407 flemme
506 3363 568 3408 elevo
575 3375 602 3408 en
610 3363 699 3419 dignito,
709 3363 865 3407 litteralement
900 3360 941 3405 Die
955 3362 1022 3418 igitur
1037 3364 1165 3408 animarum
1179 3365 1250 3421 (fleti
1263 3365 1302 3421 qui
1322 3364 1364 3408 fuit
1379 3368 1446 3412 tertia

323 3426 384 3471 ceint
403 3426 469 3470 d'une
487 3437 614 3477 couronne,
636 3436 664 3469 en
683 3424 866 3476 hebreorum·
900 3422 968 3477 feria,
987 3423 1080 3479 quintus
1103 3426 1203 3470 decimus
1223 3426 1271 3471 dies
1292 3426 1321 3469 ab
1335 3425 1371 3469 illa
1389 3425 1446 3472 feria

324 3499 392 3544 noyez
409 3486 509 3543 Genese,
530 3488 566 3531 eh.
583 3498 655 3542 ιιιιι,
677 3500 699 3530 v.
712 3493 751 3542 36,
765 3493 789 3531 et
802 3485 867 3530 oee-
902 3486 978 3538 tertia,
993 3486 1067 3530 abillo
1078 3488 1201 3532 diemartis
1211 3487 1324 3544 quoapud
1334 3487 1447 3532 Norbam·

324 3549 453 3604 termene,
468 3550 505 3594 clr.
517 3561 610 3604 xxxnr,
622 3562 643 3594 v.
660 3553 693 3594 to.
902 3551 970 3591 tunae
984 3553 1094 3604 pugnarat
1117 3549 1145 3594 ad
1166 3548 1260 3603 bestias,
1274 3555 1352 3603 noete,
1365 3561 1446 3605 parum

351 3635 380 3691 (9)
393 3636 550 3693 compagum,
564 3637 626 3690 pair,
641 3642 664 3680 e,
676 3648 717 3692 W
727 3636 786 3680 sum
800 3636 867 3681 Sem,
903 3615 955 3679 ante
975 3609 1043 3665 diem,
1057 3610 1079 3654 in
1098 3610 1182 3684 acapna
1196 3611 1289 3684 intravit
1302 3611 1325 3655 in
1339 3622 1410 3664 mare,
1424 3616 1448 3683 et

324 3695 411 3753 blahle3
426 3703 485 3742 cette
494 3698 641 3753 signification
651 3698 708 3742 n’est
717 3697 868 3755 pmindiquec
903 3682 962 3714 Μ
977 3683 1095 3744 vesperi&
1111 3673 1218 3746 appl'cuit
1232 3685 1255 3746 Ψ
1268 3672 1366 3745 q⁰⁰d³¹¹J
1378 3684 1449 3718 mam

325 3759 381 3802 dans
392 3759 413 3804 la
427 3759 528 3804 nouvelle
539 3760 620 3804 edition
635 3760 662 3804 de
676 3759 800 3815 ducange.
903 3731 972 3838 ἓξὲξ
985 3734 1450 3853 ῗὲὲεξξξηὲἶδῑὲςάῗἐέῐιιξοὲῗῇἷωῖῇ

352 3844 382 3899 (el
396 3844 427 3889 Le
440 3845 473 3888 roi
488 3844 572 3889 voulait
590 3844 663 3889 forcer
674 3845 772 3888 Thomas
785 3843 869 3889 Beclat
905 3854 1067 3913 (truvatim
1091 3856 1144 3902 Vita
1162 3857 1361 3917 quadripartita,
1380 3858 1394 3903 l.
1416 3871 1450 3913 ιι,

326 3903 377 3949 atur
387 3906 466 3951 rendre
475 3908 514 3951 des
525 3913 631 3962 comples,
641 3912 664 3950 et
674 3918 729 3964 pour
738 3905 867 3964 echapperl
904 3918 941 3961 oh,
955 3922 976 3962 3,

327 3973 386 4012 cette
398 3968 548 4024 homiliarium
559 3969 716 4025 l’areheveque
728 3980 752 4013 se
761 3980 832 4013 sauva
842 3969 869 4012 de
930 3979 959 4035 (4)
973 3980 1132 4033 Peneonrfon,
1146 3979 1267 4038 violence3
1287 3980 1419 4027 (lantherus
1433 3993 1447 4025 a

327 4027 741 4088 Northamptonpendautlanuit,suivi
748 4031 870 4075 seulement
905 4041 938 4085 (ιη
947 4042 1003 4086 dm
1016 4043 1037 4086 ιθ
1047 4046 1119 4086 meme
1127 4052 1194 4086 m:

328 4090 459 4136 d’uuSaron
465 4094 542 4148 appele
550 4092 682 4137 Slaimanet
688 4093 740 4136 d'un
748 4093 836 4137 homme
842 4094 871 4138 de
928 4105 981 4141 sotus
989 4108 1013 4140 ιι)
1021 4106 1100 4150 angams
1111 4105 1198 4140 tutorum
1210 4116 1268 4149 paene
1276 4108 1353 4141 ωιιιιιιι.

329 4162 383 4199 teca
394 4151 518 4207 frederice,
532 4155 621 4198 nomme
641 4154 726 4199 liebert
743 4155 771 4199 de
785 4154 869 4199 Caene.
1100 4155 1218 4212 ligurini
1229 4158 1243 4203 l.
1255 4170 1284 4211 ιι,
1299 4170 1321 4201 v.
1331 4163 1380 4203 339.
