3146 5192
601 494 641 503 --
657 466 712 522 reo
727 496 766 505 -

219 581 298 644 Hinc
311 599 386 645 cum
399 584 438 646 de
449 583 564 647 vicinia
578 585 707 665 quidam
723 591 902 665 accusaret,

218 693 251 750 et
266 707 373 752 coram
386 690 534 771 episcopo
548 693 691 755 chartam
703 693 888 774 ventilaret,

216 795 445 877 (li)bellumque
458 797 565 860 curiae
576 815 670 860 suum
684 802 976 879 [relpraesentaret,

218 904 252 964 et
267 903 396 966 chartae
409 904 553 967 notarius
566 908 637 968 acta
652 905 855 987 compilaret3

216 1029 297 1088 Ecce
309 1030 433 1089 Fratres
446 1027 596 1105 veniunt,
611 1028 697 1108 capis
710 1028 858 1109 elevatis,

214 1135 305 1211 parte
319 1135 384 1196 fere
395 1134 499 1198 media
513 1135 669 1198 bracchiis
683 1135 827 1216 nudatis,

215 1243 367 1305 extractis
380 1244 536 1326 capuciis,
552 1244 653 1308 oculis
667 1245 838 1323 [ellcvatis,

216 1348 402 1430 inceperunt
414 1352 520 1415 dicere
532 1352 671 1417 vultibus
685 1351 773 1414 iratis
786 1380 794 1412 ι

214 1475 277 1534 Cur
289 1476 339 1535 est
349 1473 492 1539 actitatio
505 1479 550 1551 (l)
564 1480 675 1539 contra
686 1479 809 1556 justum
823 1480 926 1558 mota,

214 1583 306 1660 cujus
320 1583 398 1643 esta
413 1581 545 1645 crimine
560 1581 625 1646 vita
639 1584 760 1646 munda
775 1586 866 1647 tota?

215 1690 288 1767 Ejus
303 1693 353 1751 est
366 1690 523 1753 confessio
536 1691 628 1754 nobis
641 1692 723 1753 bene
736 1695 829 1772 nota,

214 1811 375 1876 perquem
388 1797 422 1869 (l.
438 1802 547 1878 quam)
561 1798 756 1862 conscientia
769 1802 817 1862 est
830 1817 849 1860 a
864 1800 935 1861 labe
949 1801 1024 1861 lota.

214 1921 359 1982 Fratrum
374 1921 555 1984 testimonio
570 1921 627 1985 ivit
643 1922 808 1984 absolutus

213 2024 265 2088 ille
278 2029 327 2089 tot
340 2028 511 2091 sceleribus
525 2029 686 2109 tantisque
697 2029 857 2108 pollutus,

212 2132 344 2212 quinon
355 2137 481 2198 tantum
493 2134 662 2215 pessimam
675 2134 774 2198 vitam
787 2137 836 2197 est
849 2138 994 2215 secutus,

211 2241 268 2303 sed
280 2241 341 2303 fuit
353 2242 528 2322 majoribus
542 2242 631 2322 clipis
644 2246 688 2317 (2)
703 2242 876 2304 involutus.

209 2365 285 2428 lnde
299 2366 360 2428 fuit
372 2366 540 2447 postmodo
554 2368 638 2429 facta
652 2367 811 2429 cantilena
827 2395 834 2427 :
857 2414 863 2429 .

209 2479 332 2536 Bonum
346 2472 563 2536 testimonium
578 2476 661 2536 hona
676 2473 752 2536 lacit
765 2492 884 2554 coena,

209 2580 424 2659 foecundique
438 2580 552 2643 calices
566 2584 598 2643 et
610 2581 699 2644 dives
712 2599 884 2661 crumena3

206 2687 267 2751 ista
280 2691 406 2750 Fratres
422 2687 558 2768 diligunt
572 2692 604 2751 ct
617 2691 772 2769 spernunt
786 2691 922 2750 terrena.

206 2823 287 2885 Olim
301 2840 319 2884 a
331 2821 484 2903 principio
495 2822 611 2886 vestitu
626 2821 768 2885 contenti
779 2870 791 2902 ,,

210 3045 297 3090 nunc
308 3030 493 3109 quaestores
506 3027 596 3108 oliviq
611 3027 676 3091 vini
690 3030 722 3089 et
735 3029 883 3090 frumenti
896 3078 904 3108 ‚

209 3153 276 3198 non
289 3136 419 3198 suntad
432 3135 600 3215 pecuniam
612 3135 871 3215 congregandam
882 3136 971 3198 lenti.

209 3263 257 3336 [C]
270 3259 300 3324 Si
314 3260 393 3324 ordo
407 3261 503 3340 hujus
516 3259 638 3336 (moris)
652 3278 717 3322 non
731 3263 815 3322 esset
824 3278 987 3340 egressus,

208 3366 350 3429 muudus
363 3368 412 3429 tot
424 3367 564 3447 pericula
578 3384 644 3430 non
656 3369 739 3429 esset
752 3384 919 3447 perpessus
931 3394 939 3448 3

209 3475 381 3553 antequam
394 3491 602 3553 prosequerer
616 3492 728 3536 eorum
744 3491 913 3554 excessus,

207 3580 274 3643 scio
288 3581 376 3660 quod
386 3581 533 3643 millefius
546 3583 579 3657 (l.
588 3580 736 3643 millesies
746 3585 770 3656 l)
783 3580 870 3660 prius
882 3597 984 3642 essem
998 3581 1110 3642 lessus.

208 3704 270 3767 Sed
280 3704 363 3767 sicut
377 3704 416 3767 de
429 3705 514 3769 vitiis
528 3701 658 3770 recitavi
672 3705 845 3786 quaedam,

208 3810 252 3873 ita
266 3812 306 3874 de
319 3812 491 3876 virtutibus
504 3831 591 3876 nuuc
605 3831 784 3876 sermonem
798 3812 909 3894 edam,

144 4012 169 4067 ill
186 4017 317 4075 Poursuite3
340 4031 366 4063 ec
386 4024 432 4064 mot
446 4032 543 4076 mauque
556 4022 612 4065 dans
633 4022 653 4064 le
715 4022 743 4076 (⁶2)
761 4021 790 4065 Ge
814 4026 859 4064 mot
880 4022 917 4077 qui
938 4034 1033 4078 mauque
1052 4025 1107 4067 dans
1126 4028 1176 4068 tous
1199 4026 1231 4071 les

123 4070 310 4188 gzecffiwam
326 4081 453 4136 llcnsclrel3
475 4094 503 4125 on
520 4082 555 4137 n’y
575 4087 653 4126 trouve
689 4083 818 4189 qlgssaires,
838 4081 899 4126 vient
914 4096 966 4128 sans
984 4085 1049 4129 doute
1073 4085 1101 4129 de
1125 4081 1234 4143 Κλετυος,
