3160 5196
784 501 948 560 ..up-

562 623 666 686 Dixit:
682 626 801 692 taxatur
810 625 871 706 (1)!
887 627 972 689 facta
985 632 1078 710 sunt,
1164 634 1167 639 ’

562 729 728 793 mandavit
738 734 771 792 et
784 733 892 794 ereata
905 736 1002 815 sunt,
1031 738 1035 743 “

503 854 620 917 magna
632 837 726 901 simul
740 840 880 919 complet
892 844 926 903 et
934 841 1062 906 modica
1076 868 1084 924 3

503 943 554 1006 eui
569 947 646 1007 sunt
659 962 761 1026 aeque
774 950 893 1027 cuneta
904 947 1023 1025 facilia,

564 1078 609 1142 Sit
622 1081 941 1165 perpesDeogloria,
956 1084 1018 1146 ete.
1122 1065 1125 1071 ¹

829 1323 907 1383 vlu:
972 1344 976 1355 ’

565 1511 648 1569 Laus
661 1507 759 1570 instat
771 1511 881 1571 sextae
894 1509 1010 1591 leriae,

566 1632 625 1694 pro
641 1632 704 1695 qua
718 1614 876 1678 debentur
889 1616 987 1698 aliae,

506 1739 572 1802 qua
582 1723 739 1784 formatur
750 1722 848 1786 homo
862 1722 1073 1805 novissimus,

508 1828 704 1910 praeparatis
717 1828 746 1891 ei
756 1832 825 1910 jam
835 1829 995 1894 omnihus.

567 1968 633 2027 Hae
647 1962 679 2027 in
693 1965 764 2027 luce
778 1963 939 2026 terrestria

567 2074 724 2136 creantur,
731 2071 905 2135 animantia
920 2105 928 2152 ,

511 2197 606 2243 omne
622 2182 727 2241 terrae
741 2178 783 2241 do
794 2179 880 2241 terra
892 2178 1022 2258 reptile,
1219 2220 1224 2247 ,

512 2305 607 2351 omne
621 2303 723 2367 genus
734 2286 895 2367 protertur
904 2285 1036 2348 bestiae.

570 2419 618 2481 rit
630 2418 774 2482 omnium
787 2417 979 2483 novissimus

571 2527 668 2588 homo
681 2524 737 2605 qui
749 2524 867 2606 praesit
878 2524 1026 2588 omnibus
1040 2553 1049 2586 ι

513 2632 555 2693 ad
568 2633 656 2695 hune
669 2633 786 2695 cuncta
799 2632 986 2711 spectabant
999 2631 1189 2715 terminum,

513 2745 666 2820 tanquam
679 2738 776 2801 finem
787 2739 977 2801 cunctorum
989 2737 1130 2825 unicum.

573 2876 722 2939 summus
735 2874 860 2937 creator
872 2871 1016 2936 omniurn
1030 2921 1039 2954 ,

574 2981 608 3044 in
621 2998 686 3062 quo
699 2998 822 3043 summa
838 2982 904 3042 stat
914 2980 1067 3060 operum!

516 3096 550 3153 ln
565 3091 627 3153 hoe
641 3089 745 3153 omnis
758 3091 904 3170 expletur
916 3090 1053 3153 termino

516 3195 638 3261 consilii
651 3195 748 3260 divini
762 3196 861 3259 ratio!

575 3335 641 3394 lloe
654 3348 755 3394 unum
769 3331 889 3410 plasma
902 3331 1025 3414 nobile,

577 3436 610 3498 in
625 3454 690 3517 quo
704 3436 891 3517 resplendit,
906 3438 1056 3518 Domine,

517 3542 596 3605 illud
609 3545 684 3605 tuae
698 3542 795 3607 denus
809 3542 956 3625 imaginis

518 3652 552 3710 et
565 3647 665 3728 gloria
678 3647 911 3714 sinrilitudinis!

351 3933 379 3988 (l)
400 3931 417 3975 ll
431 3944 446 3987 y
464 3943 477 3975 a
494 3928 552 3973 <lans
569 3930 589 3973 le
608 3930 733 3975 manuscrit
747 3925 822 3986 ὃιχηω
836 3942 865 3975 ou
901 3936 980 3976 trouve
994 3930 1104 3977 d’ailleurs
1115 3945 1140 3977 sa
1152 3933 1293 3979 raisondans
1306 3934 1328 3979 la
1340 3932 1447 3988 lienem

326 3987 430 4050 διχηωςς
446 4003 503 4036 nous
516 4003 587 4036 avons
605 4004 646 4037 cru
659 3992 738 4037 devoir
750 4005 763 4048 p
779 3993 865 4037 substi-
900 3992 936 4049 ily
950 3993 1032 4038 adana
1042 3993 1141 4039 l’htbreu
1150 3994 1215 4040 Dies
1226 3997 1263 4040 vit
1272 3996 1377 4054 peecata
1386 3997 1449 4041 e'tait

325 4051 501 4101 meretricatus:
517 4053 778 4110 lexavaittpeupres
792 4054 865 4099 leson
900 4053 944 4098 bon
957 4066 1013 4110 pour
1028 4054 1092 4100 Βίου
1108 4056 1175 4111 erte,
1190 4060 1213 4101 et
1226 4057 1247 4103 le
1258 4069 1312 4114 gree
1330 4059 1364 4101 dit
1383 4059 1447 4103 aussi

325 4119 355 4162 du
367 4130 397 4168 x,
416 4122 440 4162 et
457 4117 478 4160 la
495 4115 647 4173 diphthongue
667 4129 691 4160 ar
705 4127 729 4160 se
742 4117 865 4172 rapprooha
900 4128 929 4164 eu
946 4116 1057 4173 plusieurs
1071 4118 1169 4164 endrolts
1184 4132 1191 4163 ι
1208 4128 1250 4163 και
1268 4115 1329 4163 εἰδεν
1345 4116 1361 4164 ὀ
1379 4114 1448 4174 θεας,

326 4191 354 4225 en
368 4178 466 4234 franpals
479 4178 509 4223 rlu
522 4188 563 4222 ton
575 4178 603 4223 de
614 4177 642 4222 l'a
656 4177 714 4232 loos.
729 4176 792 4224 Gette
803 4178 867 4232 leton
901 4175 939 4223 ὁτι
951 4175 1036 4231 talou.
