3146 5192
561 481 591 489 ·-
616 454 726 508 165-

175 576 259 638 dum
269 579 396 639 sectant
408 594 481 639 cum
496 580 631 658 symone
644 580 754 643 Elisaei
769 597 912 647 servum.

175 683 327 746 relaxant
337 683 479 765 justitiae
492 685 541 747 rel
554 686 739 767 dirumpunt
752 705 896 750 nervum.

71 845 77 860 ·
174 838 249 898 Non
260 836 406 918 splendet
417 836 577 900 humilitas
590 838 679 901 collis
691 839 921 920 praelatorum,

174 943 237 1005 sed
248 946 382 1024 superbe
393 948 560 1026 satagunt,
577 964 642 1009 non
656 951 764 1010 tamen
775 947 935 1010 minorum

174 1050 238 1113 sibi
253 1052 336 1114 flecti
347 1054 447 1132 janua
460 1053 492 1132 (l.
505 1057 637 1133 genua),
653 1054 709 1115 sed
720 1053 935 1134 superiorum,

174 1175 253 1220 cum
265 1162 348 1222 Dens
358 1158 504 1222 humiliet
516 1160 548 1238 (l.
562 1158 740 1235 humiliati)
752 1161 832 1222 colla
847 1161 1066 1240 superborum.

176 1311 333 1374 Praelecit
345 1311 504 1374 Ecclesiae
515 1310 657 1375 Christus
674 1311 881 1393 piscatorem,

175 1420 216 1479 ut
229 1419 360 1481 haberet
372 1417 523 1480 humilem
535 1435 591 1497 per
604 1420 708 1481 saecla
721 1422 898 1499 pastorem,

175 1541 265 1586 nunc
274 1542 351 1587 vero
362 1542 428 1586 non
442 1522 564 1603 eligunt
576 1527 669 1587 Petro
682 1541 914 1608 successorem,

176 1629 385 1694 Constantino
397 1630 531 1693 similem
542 1632 599 1693 sed
610 1634 769 1711 quaerunt
781 1635 947 1694 rectorem.

173 1784 259 1846 Bella
273 1782 426 1862 miscent,
443 1780 563 1862 peritus
578 1786 621 1860 (1)
634 1783 667 1844 et
679 1781 883 1844 seductiones
893 1784 927 1857 (l.
940 1781 1112 1844 seditiones
1122 1784 1145 1851 l)

177 1889 259 1952 intra
271 1891 412 1970 plebem,
428 1888 561 1970 militeS,
576 1905 669 1968 reges
682 1891 715 1950 et
727 1889 885 1968 barones,

178 1997 264 2059 unde
280 1996 364 2059 liunt
375 1995 472 2059 hodie
486 1997 535 2058 tot
546 1994 731 2058 occasiones

178 2104 265 2184 quod
279 2105 344 2165 tere
359 2120 392 2165 se
403 2102 563 2183 perimunt
574 2119 685 2164 omnes
697 2101 853 2164 nationes.

179 2260 323 2335 Regnum
335 2272 470 2335 regnum
485 2255 653 2316 destruunt
663 2256 696 2335 (l.
708 2253 853 2330 destruit)
863 2257 895 2315 et
907 2270 985 2333 gens
998 2254 1101 2333 perdit
1113 2271 1196 2334 gen-

179 2363 267 2428 dives
280 2365 402 2424 mactat
414 2379 585 2442 pauperem
597 2365 629 2423 et
640 2380 760 2442 pauper
772 2363 935 2441 potentem
950 2387 958 2442 3
1098 2365 1194 2443 [tem3

179 2474 267 2549 pater
280 2469 378 2531 tradit
390 2468 491 2532 lilium
502 2471 535 2530 et
548 2467 615 2548 ipse
630 2472 814 2549 parentem,

179 2593 237 2638 nec
252 2576 381 2637 fratrem
394 2573 534 2638 invenies
547 2575 677 2636 tratrem
693 2574 886 2655 diligentem.

181 2728 287 2788 Partes
299 2724 411 2789 mundi
423 2728 562 2806 quatuor
574 2743 661 2788 nunc
674 2742 789 2806 guerra
802 2725 931 2788 lacescit
943 2752 951 2806 3

181 2851 238 2897 nec
251 2851 358 2914 mare,
373 2851 432 2896 nec
446 2832 593 2913 llumina,
609 2850 668 2895 nec
683 2836 766 2895 terra
780 2832 935 2912 quiescit,

180 2941 282 3004 omnis
296 2942 393 3005 lromo
407 2941 555 3003 fulminat
567 2943 600 3002 et
612 2957 700 3002 arrna
715 2939 869 3021 capescit,

181 3050 213 3109 et
222 3047 319 3129 pestis
333 3046 552 3126 discordialei)
565 3048 632 3109 tota
647 3046 698 3108 die
711 3047 836 3109 crescit.

181 3201 278 3262 Notus
291 3202 399 3278 (Totus
408 3199 432 3275 l)
445 3194 494 3261 est
507 3198 540 3261 in
555 3197 706 3261 caedibus
719 3197 804 3260 orbis
819 3197 998 3279 involutus,

99 3312 103 3319 '
182 3309 213 3367 et
224 3306 300 3370 hinc
314 3306 389 3368 inde
407 3305 530 3386 gladius
542 3307 688 3367 versatur
701 3308 834 3385 acutus,

182 3415 229 3474 est
239 3413 377 3477 vasallus
392 3411 511 3475 domini
525 3429 639 3475 cruore
651 3413 809 3493 pollutuS,

181 3538 239 3583 nec
253 3522 369 3602 hospes
380 3520 420 3582 ab
434 3519 558 3601 hospite
573 3522 678 3599 potest
691 3536 760 3581 esse
774 3520 873 3581 tutus.

181 3652 364 3749 Apraelatis
377 3668 484 3732 omnia
498 3670 577 3730 haec
592 3670 698 3730 ortum
710 3669 877 3728 traxerunt
889 3691 896 3745 3

180 3776 234 3838 sed
246 3775 332 3856 ipsos
345 3775 484 3856 pericula
498 3793 563 3837 non
577 3772 878 3854 praetermiserunt:

118 3993 144 4050 (¹)
157 3996 285 4043 Peut-ctre
299 4002 385 4042 carnot
398 3997 436 4054 qui
451 4009 549 4054 [nanque
565 3998 622 4044 dans
655 4003 715 4047 ricto
726 4004 753 4048 de
762 4004 784 4048 la
793 4004 972 4058 bassa-launum
987 4017 1056 4062 voret
1070 4006 1100 4051 du
1112 4006 1199 4065 Gange,

98 4059 139 4099 toas
150 4056 180 4103 les
192 4059 320 4116 glossatum,
333 4060 394 4104 est-il
404 4061 481 4105 derivo
496 4060 524 4104 de
534 4060 622 4103 Perire
657 4072 673 4110 ι,
685 4066 711 4116 v,
727 4080 749 4123 p,
764 4072 812 4120 aar,
825 4067 869 4111 col.
884 4072 904 4110 r.

97 4121 116 4160 ct
125 4119 188 4165 a·t·il
201 4121 221 4166 la
236 4125 308 4168 meme
323 4121 471 4177 signification
485 4133 530 4177 que
544 4121 564 4165 le
575 4120 620 4167 Pc-
