3118 5198
764 495 930 550 -216-

522 641 582 703 ego
597 620 652 684 tibi
665 639 752 684 nuuc
762 622 895 702 propino

601 729 641 791 de
653 730 738 792 bona
752 728 934 792 coneordia.

521 866 605 930 Dixit
618 868 721 929 Abbas
733 866 774 928 ad
787 866 923 930 Prioris:

521 975 567 1034 Tu
578 989 613 1034 eu
624 972 721 1035 bomo
732 970 808 1035 boni
819 970 939 1051 moris,

521 1076 596 1158 quia
609 1093 735 1156 semper
748 1076 884 1141 samoris

600 1179 678 1241 mihi
692 1179 750 1242 das
764 1180 906 1243 consilia.

517 1340 591 1400 Post
604 1337 797 1417 completum
810 1336 950 1416 rediere,

519 1446 553 1506 et
565 1441 729 1505 currinum
743 1441 946 1523 combibere,

519 1553 712 1630 potaverunt
724 1567 826 1630 usque
838 1551 916 1614 flere

599 1659 728 1737 propter
741 1659 836 1735 potus
846 1658 991 1736 plurima.

521 1796 610 1859 Prior
623 1795 705 1859 dixit
717 1796 759 1859 ad
771 1796 918 1859 Abbatis:

524 1900 584 1979 ipsi
596 1902 716 1964 babent
728 1901 838 1966 vinum
849 1900 927 1964 satis
939 1928 947 1979 3

522 2006 619 2070 vultis
633 2005 708 2069 dare
720 2007 915 2088 paupertatis

604 2115 712 2176 noster
724 2116 820 2192 potus
834 2112 959 2176 omnia?

524 2241 606 2316 Quid
620 2260 680 2305 uos
693 2247 816 2324 spectat
829 2245 1045 2327 paupertatis?

524 2347 625 2409 Habet
635 2363 759 2429 purum,
774 2349 871 2411 babet
880 2349 973 2429 satie,

524 2453 693 2532 postquam
705 2451 793 2516 veuit
805 2471 870 2516 non
890 2454 1034 2534 vocatis,

607 2553 648 2615 ad
661 2557 771 2617 noster
784 2555 938 2620 convivia.

527 2686 557 2751 Si
572 2687 729 2751 nutritum
742 2692 826 2751 esset
838 2691 940 2772 bene,

526 2809 587 2855 neo
600 2791 642 2855 ad
654 2791 744 2855 cibus
757 2810 816 2855 nee
831 2793 873 2855 ad
887 2811 1006 2857 coenae

528 2896 666 2959 venisset
679 2914 736 2976 pro
752 2897 867 2960 marcis
882 2897 1001 2978 denae,

607 3001 668 3064 uisi
681 3019 738 3080 per
750 3002 903 3082 precaria.

529 3136 628 3198 Habet
642 3139 768 3199 tantum
779 3137 819 3200 de
831 3138 884 3201 bio
895 3142 1001 3218 potue,

529 3237 616 3318 quod
630 3243 808 3303 conventus
820 3239 901 3304 bibit
914 3244 1000 3305 totus
1011 3292 1019 3319 ,

530 3346 563 3404 et
576 3348 734 3422 cognatus
747 3347 779 3407 et
792 3345 939 3425 ignotus,

611 3441 650 3503 de
664 3443 769 3523 aegris
782 3443 922 3509 servisia.

531 3591 635 3652 Abbas
648 3593 748 3655 vomit
761 3597 794 3656 et
806 3595 941 3677 Prioris3

531 3700 633 3764 vomis
645 3700 730 3765 cadit
744 3719 839 3782 super
852 3704 957 3785 floris3

532 3823 592 3885 ego
606 3823 725 3886 pauper
737 3807 810 3870 steti
823 3807 918 3889 toris,

612 3909 645 3969 et
655 3925 721 3971 nou
735 3925 807 3971 sum
819 3908 949 3971 laetitia.

532 4052 651 4109 Rumor
663 4048 750 4110 venit
762 4049 805 4112 ad
817 4048 964 4127 Autistis,

532 4146 619 4225 quod
630 4147 759 4210 abbatis
772 4147 846 4212 iecit
860 4146 944 4229 istis3
