3162 5188
810 493 976 547 .„-30„„

521 612 744 675 subverterunt
757 614 910 676 continuo

521 735 616 780 canes
631 718 699 799 isti3
713 736 733 780 o
747 737 844 799 quam
857 719 902 780 rei
912 724 956 795 (1)

561 824 634 886 tacti
646 824 764 886 suntin
779 823 945 887 omnibus!

520 956 660 1034 snrgunt
671 972 798 1017 rursum
811 957 1045 1036 praepotenter,

520 1056 700 1121 dimicando
721 1060 916 1122 incessanter

556 1164 647 1242 quasi
665 1167 766 1227 totam
784 1161 988 1241 Graecisms

513 1270 580 1346 jem
593 1268 765 1349 invadunt,
780 1271 847 1348 jam
860 1266 1006 1345 affligunt

516 1373 616 1434 tristia
632 1391 708 1454 nos3
720 1377 787 1453 jam
802 1372 1026 1451 constringunt

555 1478 671 1540 servire
683 1478 857 1541 idolatriae.

514 1612 754 1700 congregantur
769 1611 802 1672 in
821 1612 946 1691 furore,

512 1734 572 1780 nee
585 1716 744 1779 dimittent
756 1717 873 1781 intrare
886 1719 953 1792 (aie)

551 1821 663 1881 contra
676 1817 834 1881 Christum
845 1817 1010 1879 dominum
1023 1843 1030 1895 3

510 1926 578 2008 tibi,
592 1927 733 2008 Christo,
748 1926 999 2005 comminantem

509 2031 590 2093 Petri
604 2033 712 2094 sedem
726 2032 933 2093 detestantur·

549 2141 581 2198 et
591 2139 703 2201 Christi
715 2138 878 2203 vicarium.

440 2304 441 2307 ¹
507 2283 588 2341 Loca
603 2283 635 2341 et
647 2297 746 2359 regna
759 2280 1024 2355 Christianorum,

506 2384 678 2461 potestates
690 2385 879 2462 populorum

544 2485 701 2549 debellare
712 2488 874 2569 ambiunt3

500 2593 567 2670 jam
581 2609 666 2654 nunc
680 2594 799 2672 clama,
816 2596 884 2673 jam
898 2608 984 2653 nune
997 2607 1069 2669 ora,

504 2698 673 2779 deprecare
686 2698 755 2762 sine
767 2718 872 2781 mora,

544 2808 653 2869 sancta
667 2806 721 2869 Dei
734 2806 883 2869 Ecclesia.

502 2949 637 3024 Tempus
647 2944 762 3029 instat,
777 2947 853 3027 vigil
866 2952 953 3028 esto,

501 3054 671 3133 deprecare
683 3054 780 3115 eorde
791 3059 913 3117 maesto

540 3162 772 3241 redemptorem
786 3160 928 3223 omnium
941 3209 948 3240 ,

499 3265 553 3346 qui
565 3269 597 3328 te
609 3270 701 3329 sanat
715 3285 733 3327 e
746 3265 883 3344 peccatis

499 3377 531 3435 et
544 3370 678 3434 redemit
689 3387 763 3433 cum
776 3367 895 3430 renatis

536 3493 595 3539 suo
609 3491 684 3538 caro
698 3471 863 3551 sanguine.

401 3641 405 3654 ·
495 3613 552 3688 Qui
568 3610 681 3674 inferni
696 3613 804 3690 portas
818 3608 912 3688 fregit

495 3723 528 3782 et
545 3721 710 3797 peccatum
721 3718 787 3796 jam
799 3714 941 3795 subegit,

534 3825 570 3883 ut
583 3824 616 3883 te
628 3822 750 3884 salvum
761 3821 879 3882 faceret
892 3846 899 3877 ι

493 3929 547 4010 qui
562 3929 594 3993 in
608 3931 701 3992 Petro
714 3931 835 4007 petram
845 3928 958 3991 duram
1046 4008 1048 4013 Ι
1125 3991 1127 3996 .

342 4145 371 4200 (a)
386 4120 676 4199 inemendatamque,
692 4142 748 4187 mais
761 4142 775 4185 ii
786 4155 800 4197 y
812 4155 839 4187 en
854 4154 867 4186 a
880 4155 923 4187 une
936 4145 1068 4203 interieara,
1088 4156 1112 4192 et
1126 4150 1145 4194 ic
1159 4163 1211 4198 vers
1224 4155 1344 4210 precedant
1356 4159 1434 4206 rimati

317 4217 373 4249 avec
382 4205 403 4248 lc
413 4204 531 4248 troisiemc.
