3112 5194
601 491 709 546 —361
726 516 766 530 -

114 618 196 683 ⁴lans
209 612 316 694 pordit
338 615 422 674 estre
443 611 496 674 k’il
517 611 744 675 sormonleroil
757 629 816 674 nos
831 611 952 675 anemis
964 636 972 692 3
986 627 1041 674 ear
1052 614 1073 673 rl
1089 627 1130 672 ne
1144 611 1244 673 seroit

118 718 186 780 mie
200 717 242 779 de
261 715 360 797 legier
373 715 516 780 vaineus.
535 737 550 773 η
575 720 613 777 Et
633 719 746 779 eurenl
760 714 880 779 eonseil
902 718 935 777 el
955 715 1082 777 disent:
1100 738 1116 773 n
1131 718 1208 777 Corn
1220 714 1242 776 il

118 826 186 890 soit
200 825 313 905 dignes
325 824 365 887 de
375 824 485 905 morir,
500 825 653 889 envoinns
666 826 755 907 l'enl,
769 843 809 888 en
823 828 941 888 Pontos
950 824 1044 907 l'isle,
1055 844 1073 888 a
1085 826 1153 888 cele
1165 829 1243 906 gent

118 932 155 995 ki
174 950 217 994 ne
233 933 353 1013 pueenl
365 930 496 993 soullrir
508 932 564 993 nul
575 934 654 1011 juge
672 934 706 993 et
720 930 783 993 soil
800 929 973 1011 illueeques
982 930 1130 1012 jng[i]es;
1146 934 1179 993 et
1192 931 1241 993 s'il

119 1037 193 1098 leur
206 1039 309 1099 estne
323 1038 393 1097 lant
413 1053 453 1097 ne
466 1039 544 1116 qant
557 1036 617 1116 fel,
630 1035 652 1096 il
665 1035 835 1098 reehevera
852 1035 937 1098 eheu
949 1034 1003 1098 k'il
1016 1052 1035 1097 a
1050 1035 1194 1116 deservi,
1207 1040 1242 1099 et

120 1142 280 1206 l’olrions.
298 1164 315 1200 η
331 1142 436 1205 Adont
454 1141 639 1206 envoierenl
651 1143 759 1221 Pylale
776 1160 818 1203 en
835 1144 953 1203 Pontos
966 1139 1062 1221 l’isle,
1084 1144 1117 1202 et
1130 1143 1164 1203 fu
1177 1141 1240 1204 fais

118 1252 230 1333 juges,
240 1268 299 1330 par
305 1251 335 1312 le
346 1250 503 1314 soutivele
512 1249 569 1311 des
577 1248 739 1329 demaine,
751 1247 790 1310 de
801 1249 867 1311 cele
877 1252 965 1329 gent.
975 1249 1111 1329 Pylales,
1121 1248 1153 1310 ki
1167 1248 1240 1312 bien

122 1358 199 1418 seut
212 1374 232 1418 a
247 1357 337 1437 quels
351 1373 430 1435 gens
443 1355 465 1417 il
479 1355 574 1419 estoit
585 1353 725 1435 envdies‚
737 1371 771 1416 se
783 1357 853 1416 leut
866 1356 899 1416 et
911 1353 1078 1417 considera
1093 1355 1159 1416 cele
1173 1371 1242 1417 sen-

122 1463 238 1525 tenehe
252 1465 285 1524 et
303 1462 402 1541 garda
420 1480 454 1524 se
472 1461 522 1526 vie
535 1464 568 1523 et
584 1460 711 1523 sosmist
727 1462 817 1522 toute
830 1461 897 1523 cele
912 1464 988 1541 gent
1002 1462 1175 1543 selenesse‚
1194 1463 1241 1525 les

123 1584 185 1629 uns
198 1584 259 1647 par
270 1584 459 1648 promesses‚
470 1568 516 1629 les
523 1569 632 1629 autres
643 1583 701 1644 par
710 1564 817 1645 loiers,
827 1567 873 1627 les
882 1568 989 1627 autres
1001 1583 1058 1644 par
1069 1567 1242 1630 manaches

122 1675 154 1734 et
166 1672 213 1733 les
225 1673 333 1734 autres
350 1689 407 1751 par
420 1674 569 1733 lonnent.
584 1675 622 1733 Et
635 1689 694 1752 por
707 1673 790 1734 eheu
804 1670 858 1735 k’il
872 1670 958 1734 auoit
977 1670 1112 1734 vaineue
1125 1671 1150 1734 si
1166 1672 1241 1735 faite

125 1778 219 1857 gent,
242 1777 276 1838 fu
293 1775 316 1838 il
335 1774 450 1857 apieles
464 1776 504 1838 de
518 1778 619 1839 Ponto
632 1775 711 1838 l'isle
728 1776 854 1838 Pontias
875 1775 1019 1854 Pelates.
1045 1774 1153 1855 Apries
1175 1780 1240 1841 He-

122 1881 218 1944 rodes
230 1881 253 1943 li
263 1883 375 1962 jones,
393 1883 492 1944 freres
515 1881 691 1963 Archaelis,
706 1881 752 1944 six
763 1880 887 1944 Herode
907 1882 937 1943 le
959 1883 1069 1962 grant,
1091 1880 1123 1943 ki
1146 1881 1242 1944 estoit

122 1987 283 2070 prineheS,
294 2006 335 2051 en
347 1990 395 2051 cel
407 1991 490 2070 tans,
505 1988 545 2050 de
558 1987 656 2051 ludee
669 1990 702 2049 et
719 1987 758 2049 de
771 1987 979 2068 lherusalem‚
995 1985 1025 2048 oi
1039 1987 1144 2067 parler
1157 1986 1197 2050 de
1210 1989 1241 2051 le

14 2174 18 2181 ι
121 2092 236 2156 visiute
248 2097 292 2172 (1)
305 2096 337 2155 et
351 2093 403 2155 del
415 2110 489 2155 sens
502 2093 541 2154 de
550 2093 672 2173 Pylale,
687 2092 752 2154 elil
767 2091 862 2154 estoit
875 2092 901 2154 si
916 2091 1092 2173 malicieus,
1104 2091 1242 2169 entoi(2)

121 2199 161 2262 de
174 2201 260 2262 eheu
273 2218 335 2281 qne
349 2200 388 2263 eil
402 2199 497 2263 estoit
508 2199 689 2279 malicieus3
707 2216 762 2261 ear
776 2198 891 2260 choses
912 2198 1072 2260 samblans
1092 2200 1163 2261 font
1176 2217 1240 2263 vo-

120 2303 251 2366 lentiers
259 2303 325 2384 joie
338 2323 358 2367 a
369 2306 438 2366 leur
451 2305 627 2383 samblanS,
642 2306 674 2364 el
694 2301 716 2364 li
736 2302 789 2365 fist
805 2304 964 2381 promelre
978 2301 1060 2363 dons
1077 2319 1135 2380 par
1153 2321 1241 2365 mes-

122 2421 233 2487 sages,
249 2405 315 2468 elli
327 2406 435 2469 donna
449 2422 490 2468 en
503 2423 562 2467 son
575 2404 620 2467 liu
634 2403 725 2484 pooir
738 2421 793 2466 sor
804 2403 913 2466 Yudee
926 2406 959 2466 el
970 2403 1239 2466 sorlherusalem.

122 2513 160 2574 El
172 2528 214 2573 en
228 2528 320 2591 apres
333 2512 462 2591 Pylatns
475 2508 601 2573 abunda
617 2526 657 2570 en
670 2509 751 2572 molt
764 2525 860 2587 grans
876 2507 1048 2589 richoises,
1068 2511 1115 2589 el,
1134 2527 1180 2571 un
1189 2511 1243 2588 jor

121 2617 161 2679 ke
174 2616 316 2679 Herodes
329 2618 402 2679 n’en
416 2620 487 2679 seul
500 2619 586 2696 mot,
608 2615 629 2677 il
643 2632 736 2696 passa
750 2615 780 2676 le
792 2632 873 2695 mer,
888 2617 921 2677 et
934 2613 1002 2679 vint
1014 2632 1033 2676 a
1046 2618 1194 2696 Romme,
1210 2620 1242 2678 et

99 2768 102 2774 .
123 2719 231 2782 donna
240 2722 310 2782 tant
319 2720 359 2782 de
373 2719 509 2801 deniers,
518 2721 568 2799 q'a
582 2718 715 2798 painnes
724 2720 769 2781 les
778 2718 922 2798 pooil-on
936 2722 1059 2799 conten,
1069 2718 1240 2801 aTyberio,

122 2823 298 2903 l’enpereor
319 2823 358 2885 de
378 2828 527 2904 Romme,
552 2825 584 2884 et
604 2822 657 2885 fisl
678 2825 749 2884 tant
761 2840 819 2901 par
838 2840 872 2884 se
886 2822 1008 2886 boisdie
1022 2841 1085 2904 que
1104 2826 1194 2887 toule
1208 2825 1239 2888 la

122 2924 206 2985 terre
219 2924 273 2987 k'il
295 2924 397 2989 lenoit
415 2926 455 2988 de
473 2925 605 3006 Tyberin
620 2929 653 2988 lu
673 2929 762 2989 toute
780 2927 845 2991 sive
867 2945 999 3008 propre,
1015 2932 1047 2990 el
1070 2930 1100 2991 le
1120 2929 1182 2992 tint
1200 2949 1242 2995 en

121 3031 208 3114 pais,
223 3034 267 3113 el,
285 3050 344 3112 por
357 3033 491 3096 l'amour
505 3033 545 3095 de
559 3034 641 3097 eheu
653 3081 661 3114 ,
673 3033 813 3096 Herodes
827 3037 860 3096 el
872 3035 996 3115 Pylales
1010 3038 1118 3099 iurent
1135 3040 1240 3101 anemi

121 3140 285 3202 ensamble
300 3142 433 3219 jusques
455 3157 474 3200 a
494 3141 542 3201 cel
557 3141 633 3219 jour
646 3142 679 3201 et
698 3157 717 3201 a
737 3140 804 3201 cele
818 3157 894 3201 eure
907 3158 969 3220 que
990 3144 1099 3205 nostre
1114 3143 1193 3207 sires
1207 3146 1242 3206 lu

122 3241 217 3305 livres
236 3261 255 3305 a
277 3244 394 3325 Pylale.
416 3246 532 3324 Lequel
551 3246 675 3325 Pylales
697 3243 777 3308 vesti
800 3244 840 3306 de
860 3248 987 3309 vesture
1008 3246 1048 3308 de
1068 3265 1184 3329 porpre
1206 3252 1241 3311 el

122 3347 257 3413 l’envoia
271 3366 290 3410 a
303 3348 443 3430 Herode,
459 3351 491 3411 el
504 3348 571 3411 ensi
593 3367 627 3411 se
641 3347 739 3413 veloit
755 3350 870 3429 garder
885 3350 939 3413 k’il
952 3351 1057 3413 n'eust
1070 3370 1188 3434 coupes
1201 3370 1242 3416 en

122 3470 157 3515 se
170 3457 265 3517 mort.
290 3457 327 3517 El
346 3456 485 3518 Herodes
508 3455 571 3519 orei
593 3474 655 3536 que
678 3457 737 3519 ohe
761 3457 826 3518 fust
847 3472 906 3536 por
927 3456 1078 3518 s’onneur
1091 3460 1124 3521 et
1135 3475 1195 3538 por
1207 3475 1242 3520 se

148 3734 177 3788 (t)
191 3733 284 3790 saveir,
297 3732 433 3792 lugement3
448 3749 536 3783 comme
546 3737 566 3783 le
581 3738 663 3782 rieux·
699 3748 752 3793 ceps
766 3736 843 3780 diebus
853 3735 894 3780 illis
905 3734 1006 3780 Judaese
1018 3740 1041 3780 et
1051 3735 1190 3789 Jerusalem,
1203 3735 1241 3780 ubl

121 3794 219 3852 lraneais
235 3796 274 3844 lis
292 3805 315 3843 et
330 3806 394 3844 notre
406 3799 491 3854 Atiae,
504 3812 530 3845 ee
545 3806 591 3844 mot
602 3800 663 3844 vient
698 3799 783 3843 audivit
796 3798 890 3843 hominis
900 3798 957 3842 illius
971 3798 1117 3849 iudustriam,
1137 3798 1242 3842 versutiis

121 3867 174 3902 sans
187 3858 255 3904 doute
268 3860 297 3904 du
312 3861 489 3914 tiled-allemand
508 3862 598 3915 When,
616 3861 661 3906 Sa·
698 3861 846 3918 eenqaudens
860 3865 980 3912 versutus,
993 3865 1069 3916 utpote
1081 3858 1162 3903 similia
1173 3859 1240 3903 simi-

111 3919 178 3964 ·veir.
697 3924 754 3967 libus
769 3922 920 3977 congaudent,
935 3920 1054 3965 invitatum
1069 3921 1091 3976 (l.
1112 3920 1241 3976 invitavit‘l)

148 3981 178 4038 (d)
193 3982 223 4028 Ge
241 3990 287 4028 mot
307 3990 341 4028 est
359 3985 507 4029 evidemrnent
530 3997 660 4041 corrompu3
697 3998 748 4031 eurn
763 3984 891 4029 muneribus
904 3988 927 4028 et
938 3983 1093 4037 internuntiis,
1109 3987 1132 4026 et
1151 3982 1240 4026 tradidit

120 4048 235 4096 peut-ena
249 4051 323 4090 est-ee
337 4047 413 4103 eej0i‚
432 4048 565 4103 Ser610uit3
580 4060 619 4091 car
632 4060 660 4092 οη
696 4048 716 4092 ei
727 4053 814 4103 partem
824 4052 846 4091 et
857 4045 931 4091 vicem
942 4057 1007 4090 suam
1022 4045 1207 4100 superludaeam
1217 4050 1240 4088 et
1292 4088 1296 4099 ἢ

120 4103 145 4147 lit
155 4106 212 4151 dans
222 4106 242 4151 le
253 4113 313 4153 texte
322 4109 375 4153 latin
386 4123 392 4153 :
408 4109 509 4154 Herodes
518 4122 571 4165 ergo
581 4111 661 4164 minor,
698 4108 830 4155 Jerusalem.

121 4164 177 4212 silius
191 4170 310 4223 Archelai,
330 4173 403 4227 magni
422 4171 517 4216 Herodis
533 4170 583 4223 lilii,
599 4171 663 4227 prin-
