3118 5198
625 513 787 568 -lol-

286 643 367 706 quos
381 629 466 691 misit
479 631 612 695 Trinitas
626 633 657 695 in
671 636 732 698 lroe
747 640 929 719 naufragio,

288 751 328 795 ne
341 752 392 796 me
405 736 624 815 permitterent
635 741 681 803 uti
695 745 854 824 conjugia.

287 872 422 931 Uxorem
437 871 553 934 ducere
566 876 726 953 quondam
742 881 921 959 volueram³

286 978 322 1036 ut
334 975 417 1039 viam
431 995 581 1058 sequerer
592 984 766 1047 multorum
781 986 926 1051 miseram
938 1020 945 1069 3

285 1082 434 1146 decoram
445 1087 616 1166 conjugem
624 1090 656 1167 (l.
668 1089 847 1174 virginem),
858 1093 1007 1175 pinguem
1015 1100 1099 1173 (llet
1109 1103 1260 1181 teneram,

283 1207 380 1268 quam
394 1190 477 1254 inter
490 1192 567 1256 alias
581 1196 681 1257 solam
696 1197 880 1263 dilexeram.

284 1328 443 1388 Accensus
456 1326 611 1408 siquidem
623 1347 731 1393 amore
745 1332 892 1415 virginis,

283 1432 316 1494 in
330 1450 429 1496 verno
443 1437 584 1515 tempore
598 1454 673 1499 oum
686 1440 733 1501 sol
747 1438 948 1522 inueniris,

282 1539 375 1602 istam
388 1543 545 1622 elegeram
555 1549 598 1625 (2)
611 1562 651 1607 ex
664 1546 788 1610 eunctis
799 1549 943 1629 semime,

282 1651 318 1708 ut
332 1647 359 1709 ei
372 1650 525 1712 puberem
539 1651 571 1714 in
584 1652 646 1715 side
660 1654 810 1717 numinis.

280 1779 358 1843 liine
372 1781 499 1861 quidem
513 1786 545 1859 (l.
562 1785 703 1865 quidam)
715 1786 794 1850 socii
809 1789 928 1851 dabant
941 1792 1119 1869 eonsilium,

282 1889 317 1947 ut
330 1885 393 1951 eito
407 1907 567 1954 currerem
581 1892 623 1953 ad
634 1893 891 1977 matrimonium3
927 1944 931 1951 1

281 1992 363 2055 utin
375 1995 509 2061 miseriis
523 1999 676 2062 haberent
688 2001 828 2083 socium,

280 2100 363 2163 viam
376 2104 522 2184 conjugis
534 2107 568 2179 (l.
584 2107 741 2187 conjugii)
754 2110 927 2173 laudabant
941 2112 1072 2176 nimium
1085 2117 1137 2192 (3).

282 2242 358 2300 Tam
371 2238 435 2300 oito
449 2239 598 2302 volebant
611 2241 739 2321 nuptias
751 2243 794 2319 (l)
810 2244 894 2327 fieri,

278 2347 315 2406 ut
328 2344 367 2406 de
381 2362 433 2407 me
446 2345 562 2409 misero
578 2348 755 2427 gauderent
768 2350 888 2433 miseri3

279 2452 336 2514 sed
349 2470 405 2532 per
417 2456 482 2515 tres
496 2456 628 2533 angelos
639 2473 720 2536 quos
732 2456 846 2521 missos
859 2462 959 2540 reperi

277 2576 328 2622 me
339 2563 421 2622 Deus
435 2559 550 2622 eruite
566 2564 659 2641 porta
672 2563 788 2638 inferi(
813 2569 831 2636 ).

141 2784 195 2839 tius,
208 2786 248 2841 qul
265 2785 325 2830 avait
340 2788 443 2843 compost
458 2788 498 2834 dee
512 2788 612 2834 verello
626 2789 680 2833 dte-

141 2846 248 2891 semem
259 2848 379 2905 coniugii,
390 2850 528 2895 mentionatis
537 2863 579 2907 par
590 2851 681 2907 Leysen

141 2920 162 2964 p.
174 2913 220 2953 loll.
235 2909 266 2954 La
279 2910 381 2955 variante
394 2911 423 2954 du
436 2911 535 2956 tartede
549 2912 580 2956 Μ.
591 2912 678 2970 Wrigbt

141 2981 164 3015 ea
171 2978 274 3028 rapporte
283 2973 296 3016 i
304 2973 381 3017 Pierre
390 2974 418 3018 de
426 2973 523 3027 corbeil,
535 2975 678 3031 arebeveque

141 3032 166 3076 de
180 3033 246 3086 Sene,
260 3033 313 3089 qui.
327 3033 384 3078 ainsi
401 3047 444 3090 que
458 3048 514 3080 nous
532 3036 617 3082 l'aroue
628 3037 678 3094 dejt

141 3094 185 3148 dit,
198 3101 287 3139 mourut
300 3108 328 3140 en
345 3101 396 3140 labo
410 3110 416 3141 z
432 3097 531 3153 sapidae
548 3102 620 3155 paralt
635 3112 679 3143 au-

137 3156 244 3211 jourd'lrui
256 3158 348 3214 perdua.
362 3158 483 3204 L'absence
496 3160 523 3204 da
538 3166 596 3205 oette
610 3173 676 3205 meu-

141 3218 184 3262 tiou
196 3220 251 3264 dans
264 3220 284 3265 ie
296 3227 357 3265 texte
368 3221 395 3265 de
409 3221 429 3266 la
444 3219 525 3277 u.·1t.‚
540 3222 596 3279 i'age
611 3225 677 3268 autb·

139 3279 230 3325 rieurdu
239 3294 279 3326 ms.
291 3288 313 3327 et
321 3284 352 3327 lea
362 3284 462 3341 strophas
471 3283 509 3339 qui
520 3295 534 3339 y
545 3291 676 3340 manquent,

141 3351 194 3385 nous
203 3343 224 3387 le
234 3343 282 3387 ient
296 3346 400 3401 regardar
411 3357 498 3390 comum
507 3348 557 3402 plus
567 3347 658 3391 aueieu.

165 3417 192 3472 ll)
206 3420 320 3465 Putaram.

167 3495 193 3547 (a)
205 3495 323 3552 litigarem.

167 3570 194 3626 (ὅ)
204 3584 264 3617 Vitam
274 3586 357 3627 conjugii
365 3588 467 3621 laudabant
475 3589 565 3630 nimium,

205 3633 226 3660 ut
235 3630 255 3661 in
263 3630 343 3665 miseriis
351 3633 441 3666 haberent
451 3634 528 3666 eoelum.

167 3696 195 3748 (li
208 3696 323 3743 Volebam.

167 3766 195 3821 a
205 3779 564 3870 auaaaaaaaumaa,

205 3867 237 3898 aad
247 3869 271 3901 ad
280 3879 309 3902 me
321 3871 400 3903 charitas
408 3871 469 3904 Patris
480 3874 575 3913 magnifici

205 3912 256 3944 venit
264 3924 297 3954 per
305 3916 381 3956 angelos
391 3915 411 3947 ln
418 3916 478 3948 forma
489 3917 565 3957 iripllel.

207 3972 227 4004 In
237 3975 286 4008 valle
297 3976 398 4017 siquidem,
409 3986 465 4017 qrram
474 3978 556 4010 Membro
564 3978 653 4019 dleiruue,

205 4018 254 4051 mitit
264 4023 301 4052 trae
311 4022 386 4063 angelos
395 4023 443 4053 Deua
452 4022 566 4063 airammum

205 4062 252 4094 iuter
259 4073 305 4105 quoe
317 4065 400 4105 loquitur
408 4065 503 4099 Johanuea
511 4067 600 4107 ultimus,

206 4116 225 4138 oe
234 4109 303 4142 habene
312 4118 399 4152 aureum,
409 4111 439 4142 vir
445 4110 598 4144 munitissimus,

206 4168 227 4200 ln
236 4170 294 4202 tribue
303 4171 376 4212 angelis
384 4173 463 4205 aeoeeeil
471 4173 552 4205 'l’rinibaa
560 4197 565 4213 ‚

206 4213 270 4252 qulbus
279 4224 315 4248 vox
324 4216 386 4257 varia,
397 4217 429 4249 red
439 4226 503 4250 aeneus
513 4218 587 4255 unitos,

783 2800 804 2828 ut
814 2797 937 2832 innotesceret
945 2802 1008 2835 uxoris
1016 2804 1098 2842 pravitas
1105 2827 1110 2844 ,

783 2850 814 2873 oor
825 2851 897 2883 semper
905 2846 987 2888 varium,
997 2848 1058 2880 earnis
1066 2847 1165 2889 fragilitas.

780 2903 801 2935 P.
811 2904 834 2936 da
843 2905 928 2939 corbolio
937 2916 1011 2941 uxorem
1021 2909 1105 2952 fragilem

779 2948 854 2990 probat,
864 2950 973 2984 Laurentiue
983 2954 1058 2985 stultam
1067 2958 1086 2987 et
1094 2955 1173 2986 babilam
1182 2967 1186 2993 ς

779 2992 875 3025 Jolranuos
883 2997 949 3027 arserit
957 2998 1004 3029 hane
1014 3007 1109 3038 nunquam
1118 3000 1206 3032 humilem
1214 3024 1219 3043 ‚

779 3038 812 3069 aed
823 3039 973 3079 superbissimam
981 3046 1000 3074 el
1009 3043 1127 3077 irascibilem.

781 3100 840 3132 Detur
848 3103 931 3141 potentia
939 3104 960 3135 P.
970 3104 993 3135 de
1005 3105 1089 3137 Corbolio
1097 3130 1102 3146 ,

780 3154 828 3184 quae
836 3150 889 3177 notat
897 3148 974 3179 ilrrnitae
983 3152 1002 3179 el
1010 3153 1072 3188 patrue
1081 3151 1129 3183 ratio
1137 3163 1142 3191 ς

780 3190 811 3221 hie
821 3191 874 3230 prius
883 3192 965 3230 loquitur
973 3192 996 3223 de
1005 3195 1122 3229 matrimonio

780 3238 799 3266 el
808 3234 831 3266 de
842 3235 952 3267 nubentium
963 3237 1025 3269 labore
1034 3238 1091 3271 vario.

780 3296 876 3327 Veientem
888 3297 946 3337 igitur
953 3306 1029 3330 uxorem
1037 3299 1104 3332 ducere

779 3342 879 3380 coeperunt
886 3342 948 3383 angeli
959 3351 988 3374 me
997 3343 1118 3385 redarguere,

780 3388 798 3417 et
809 3385 832 3417 (le
841 3386 924 3425 conjugii
935 3387 1032 3427 loquentes
1041 3397 1108 3427 enema

760 3456 764 3466 ,
780 3431 840 3469 coepit
848 3432 881 3470 pe'r
889 3431 972 3464 ordinem
980 3434 1000 3464 at
1008 3433 1077 3472 primus
1085 3433 1152 3468 dicere.

740 3494 775 3539 On
790 3494 815 3537 lit
831 3495 886 3539 dans
900 3492 1025 3553 l'imitatiou
1041 3496 1152 3553 iraupalse
1163 3501 1249 3556 pubiide

713 3568 754 3613 par
767 3556 799 3602 Μ.
812 3557 912 3613 ergbt,
925 3556 1027 3610 Ibidem,
1042 3572 1064 3615 p.
1074 3565 1132 3606 ⁶292:

781 3638 820 3671 bier
828 3641 875 3672 Dieu
884 3650 918 3682 par
927 3651 947 3675 ea
955 3644 1012 3679 merel

780 3685 877 3726 massiva,
887 3695 939 3718 aome
948 3697 994 3728 eynz
1000 3697 1034 3720 vus
1042 3688 1072 3727 di3

780 3728 816 3759 Par
824 3738 845 3760 ea
853 3730 910 3761 merel
916 3732 948 3762 lne
956 3733 1020 3775 salva,

781 3780 814 3810 par
822 3773 866 3805 treis
874 3776 951 3817 aunglee
960 3778 1007 3817 qu'll
1016 3776 1107 3809 m'onvoia
1115 3801 1119 3818 ,

778 3816 807 3847 En
815 3826 852 3849 una
860 3819 920 3851 valoie
929 3829 981 3853 come
990 3822 1033 3862 eloy

778 3863 806 3892 tot
815 3862 911 3906 eoulluor,
922 3873 972 3897 come
981 3866 1044 3898 dirrol.

780 3908 894 3939 commetes
903 3909 981 3948 auuglee
990 3911 1052 3942 furunt
1063 3920 1127 3944 nouam
1136 3936 1141 3954 ,

780 3952 811 3991 q'a
819 3951 857 3983 moi
865 3952 927 3983 iurent
936 3954 1041 3987 rneundez?

780 3997 842 4028 Pieres
850 3996 873 4027 tle
882 3997 956 4029 Gorbloi
964 3998 1003 4031 fuet
1011 4000 1029 4030 le
1038 4008 1110 4039 premar·

781 4050 804 4080 qe
812 4043 854 4072 vrut
862 4049 873 4072 a
882 4050 920 4073 mor
928 4051 979 4074 come
988 4052 1091 4085 mesnagis,

780 4086 804 4117 Le
816 4093 941 4118 saeouneou
960 4096 1011 4120 noun
1040 4097 1051 4120 a
1084 4098 1117 4123 neo

782 4175 797 4206 Ε
805 4176 823 4207 lo
832 4175 877 4207 tlorn
885 4177 1021 4219 eompalgnoun

782 4219 843 4252 dolum
851 4228 873 4251 ov
880 4221 899 4253 la
907 4220 977 4254 boucha
984 4222 1023 4255 d’or
1032 4223 1122 4263 appelom.
