3160 5196
567 488 730 542 —387—

188 611 276 684 Quae
290 607 371 671 solet
385 625 455 671 csse
467 625 572 690 super,
588 629 673 674 nunc
689 613 853 694 subjacet,
872 619 904 676 et
917 617 1071 682 dominari

225 732 308 795 quae
319 714 415 796 solet,
431 715 564 779 ancillae
576 734 664 780 nunc
677 717 759 798 gerit
771 717 920 784 officium.

186 822 341 903 Quodque
353 821 456 902 magis
467 822 582 905 timeo,
602 824 753 905 quoniam
764 826 867 906 magis
881 831 930 889 est
942 829 1182 915 pudibundum,

227 930 334 993 dicent
348 946 400 993 me
412 930 575 1011 quondam
589 932 794 996 succubuisse
808 933 863 996 tibi
876 960 884 1016 3

187 1038 316 1113 Quodsi
329 1041 380 1105 vel
393 1041 504 1104 leviter
517 1042 755 1104 submurmuret
766 1060 852 1106 unus
865 1044 906 1107 ad
918 1064 1037 1130 onum,

230 1144 264 1207 id
276 1164 404 1227 qnoque
417 1146 443 1209 si
456 1147 576 1229 sciero,
590 1165 643 1210 me
654 1151 733 1229 puto
746 1151 840 1212 malle
853 1151 945 1214 mori.

190 1254 244 1315 Est
257 1252 353 1316 etiam
366 1271 534 1334 procerum
548 1254 625 1318 mibi
640 1255 750 1336 copia,
774 1255 828 1337 qui
841 1256 917 1319 mibi
932 1257 1049 1322 debent

232 1359 426 1440 temporibus
440 1360 534 1424 certis
548 1361 681 1424 reddere
694 1361 820 1426 servitia
832 1390 840 1445 3

190 1471 275 1543 Quos
288 1467 408 1547 pudeat
418 1468 535 1534 servire
548 1468 625 1531 mibi
639 1468 665 1532 si
680 1487 818 1551 nupsero
832 1489 942 1555 servo,

231 1573 277 1637 sic
290 1574 405 1655 bonor,
421 1579 453 1637 et
466 1578 594 1640 nostrae
607 1577 653 1640 sic
666 1577 851 1640 minuentur
864 1596 949 1661 opes.

191 1681 383 1757 Quinetiam
396 1684 495 1764 servi,
511 1701 699 1749 conservum
715 1685 940 1769 despicientes,

231 1814 292 1860 nec
301 1795 357 1854 tua
369 1792 527 1856 curabunt
541 1807 601 1852 nec
611 1808 682 1853 mea
693 1794 782 1872 jussa
796 1794 896 1875 sequi.

192 1903 241 1968 Sic
253 1906 285 1964 et
297 1916 380 1982 quae
392 1898 530 1980 spondes
543 1915 584 1960 ex
598 1901 629 1961 tc
642 1898 720 1961 mibi
734 1901 903 1964 commoda
916 1903 1047 1982 perdam
1061 1954 1069 1985 ,

232 2024 377 2090 quaeque
390 2008 484 2087 putas
497 2023 553 2086 per
564 2007 596 2067 te
608 2005 723 2069 damna
735 2024 848 2071 cavere
859 2010 970 2074 leram.
985 2032 1000 2067 o

192 2120 310 2181 Cautus
324 2115 365 2179 ad
378 2116 458 2177 baec
470 2115 649 2177 blachomes
662 2131 772 2177 aurem
786 2116 942 2196 patienter
954 2117 1108 2202 habebat,

234 2223 340 2288 cordis
353 2221 388 2284 in
401 2238 519 2284 arcano
531 2220 658 2300 singula
671 2222 767 2285 verba
781 2222 892 2286 locans
904 2249 912 2305 3

194 2333 318 2410 Oreque
331 2344 529 2407 compresso,
544 2326 706 2390 modicum
720 2326 809 2410 silet,
825 2333 861 2391 nt
874 2329 1021 2394 videatur

232 2453 420 2517 responsum
434 2434 542 2514 magni
555 2433 704 2515 ponderis
717 2452 787 2498 esse
798 2453 912 2519 suum,

195 2544 270 2607 lnde
283 2544 393 2606 levans
407 2542 518 2605 oculos
530 2544 563 2604 et
573 2543 615 2621 (l)
628 2542 693 2606 oris
707 2544 844 2607 claustra
858 2546 1039 2610 resolvens:

236 2676 251 2710 a
265 2650 364 2716 Crede
377 2649 473 2731 mibi,
490 2672 506 2707 o
522 2649 619 2731 dixit,
636 2674 652 2709 a
667 2668 733 2714 non
747 2650 807 2714 nisi
819 2669 894 2725 vera
908 2655 1021 2734 loquar
1035 2683 1042 2716 ε

195 2758 225 2823 Si
238 2757 375 2821 libertati
390 2756 447 2819 tibi
459 2773 511 2818 me
524 2755 565 2834 (2)
581 2756 702 2819 donare
715 2757 870 2839 placebit,

233 2882 316 2946 quae
329 2861 445 2927 metuis
460 2866 611 2943 poterunt
624 2864 712 2925 nulla
725 2880 842 2926 nocere
855 2862 933 2945 tibi,

193 2973 310 3036 Nobilis
321 2974 378 3035 aut
389 2987 516 3051 servus,
532 2969 588 3032 tibi
601 2971 650 3033 vel
665 2969 742 3032 milri
756 2987 851 3033 nemo
863 2971 989 3033 resistet
1002 2999 1010 3052 3

232 3082 289 3142 aut
301 3078 398 3141 timor
410 3079 470 3140 bos
481 3077 611 3156 subdet,
633 3078 689 3137 aut
702 3075 836 3138 sociabit
849 3092 950 3139 amor.

192 3185 282 3251 Unde
296 3188 385 3248 tuam
398 3200 493 3247 nemo
505 3185 687 3263 praesumet
700 3181 826 3245 laedere
841 3182 975 3263 lamam,

232 3291 289 3355 sed
301 3290 506 3354 benedicetur
519 3307 636 3354 nomen
650 3289 765 3369 ubique
779 3293 881 3352 tuum.

192 3399 324 3463 Divitiae
337 3401 499 3480 crescent,
514 3397 806 3478 augmentabuntur
820 3398 978 3478 honores,
1085 3458 1088 3466 ,

232 3512 265 3570 et
276 3522 444 3587 procerum
458 3505 551 3569 solito
564 3507 668 3585 major
680 3504 740 3567 erit
752 3521 915 3567 numerus.

192 3614 482 3696 Multiplicabuntur
494 3612 635 3693 reditus,
655 3609 823 3691 augebitur
836 3629 931 3674 omne

229 3723 316 3803 quod
329 3722 434 3785 minus
447 3737 517 3785 esse
529 3721 625 3800 solet,
641 3719 762 3801 villula,
784 3718 888 3800 vicus,
904 3736 1001 3800 ager:

190 3830 246 3911 ut,
260 3829 348 3910 quod
363 3827 514 3910 promitto
528 3827 555 3890 si
568 3845 634 3890 non
645 3825 723 3907 erit,
738 3828 854 3888 excute
867 3825 994 3905 dentes,

229 3939 287 3998 aut
300 3934 402 4001 fodias
416 3935 544 4016 oculos,
559 3936 615 3995 aut
627 3930 704 3995 mibi
719 3930 795 3992 tolle
808 3934 914 4010 caput.
933 3953 948 3987 »

124 4162 152 4205 tl)
163 4158 209 4205 Sed
219 4160 275 4206 dans
286 4160 313 4204 B.
690 4159 726 4200 'tar
742 4155 771 4199 Te
781 4156 837 4201 dans
848 4155 874 4199 B.
