3160 5196
635 474 801 533 -lll-
931 536 934 547 ,

694 712 729 770 ll.

416 899 516 976 Deus,
530 896 585 976 qui
598 899 671 959 tuos
682 883 790 959 erudis

416 1007 677 1068 testamentorum
693 1004 835 1086 paginiS,

356 1116 399 1173 'ex
413 1130 524 1176 eorum
535 1111 763 1192 intelligentiae

359 1223 471 1283 cantus
485 1223 613 1283 nostros
626 1219 737 1284 condis
751 1217 929 1282 dulcedine.

418 1350 484 1414 'libi
498 1351 539 1414 sit
551 1350 761 1433 acceptabile,

419 1458 511 1522 nobis
524 1459 569 1522 sic
583 1460 638 1522 liet
651 1458 747 1540 utile,

359 1567 447 1648 quod
461 1564 501 1629 de
514 1567 577 1630 tuis
590 1568 750 1630 solvemus
762 1565 928 1642 laudihuS,

360 1673 385 1735 si
400 1671 487 1754 quod
500 1676 594 1737 sonat
604 1671 872 1736 intellexerimus!

419 1807 544 1888 Triplex
556 1807 767 1897 intelligentia

420 1916 545 1980 diversa
557 1915 688 1997 praehet
699 1915 819 1978 fercula
831 1940 839 1995 3

361 2021 476 2085 delitiis
490 2021 633 2086 abundat
646 2020 743 2087 variis

362 2146 471 2193 sacrae
481 2146 592 2192 mensa
606 2127 785 2209 scripturae
796 2126 917 2191 fertilis.
984 2202 987 2205 ยน

421 2266 517 2327 Alunt
529 2281 645 2345 parvos
658 2262 828 2345 historica,

419 2373 555 2452 pascunt
566 2371 693 2434 adultos
704 2369 859 2451 mystica,

360 2479 575 2558 perlectorum
589 2477 735 2541 fermenti
748 2477 855 2540 studio

361 2586 532 2668 suscipitur
544 2585 674 2650 moralis
686 2585 792 2649 lectio.

421 2719 484 2783 lllis
497 2719 577 2783 fides
591 2718 757 2801 astruitur,

421 2844 463 2889 ex
478 2829 539 2891 hac
552 2828 677 2890 fructus
689 2825 861 2906 colligitur,

363 2937 486 2998 fructus
497 2935 549 2998 hic
563 2937 612 2997 est
625 2937 657 2997 et
670 2933 904 2998 consummatio

361 3060 458 3123 quam
473 3040 529 3105 des
542 3040 650 3123 nobis,
666 3058 793 3104 morum
806 3040 985 3105 instructio.

421 3179 505 3238 llaec
517 3174 628 3257 nobis,
643 3178 744 3257 Deus,
763 3176 883 3243 lercula

424 3284 479 3344 tua
493 3281 616 3362 paravit
630 3280 752 3364 gratia,

363 3392 402 3452 ut
416 3387 466 3452 his
479 3391 589 3453 nostra
601 3387 815 3470 peregrinatio

365 3497 561 3560 sustentetur
570 3495 661 3578 quasi
672 3496 800 3562 viatico.

423 3629 468 3696 Sit
480 3647 594 3712 perpes
604 3634 669 3695 Deo
682 3628 798 3713 gloria,
815 3633 876 3694 etc.

706 3853 755 3910 lll.

425 4043 460 4103 ln
475 4041 582 4102 ortum
595 4036 706 4102 mundi
724 4035 848 4100 sensilis

427 4145 569 4213 mundus
583 4142 807 4225 intelligibilis,
