3112 5194
825 505 935 560 -326
954 532 986 546 ·-

645 772 776 854 Liquido
789 775 825 837 de
838 775 936 837 ludos
948 772 1095 837 iscariote
1108 778 1119 855 (
1138 772 1159 851 l.

444 985 532 1049 ilieta
545 989 670 1051 vetusta
684 988 810 1069 patrum
821 990 889 1069 jam
903 986 1072 1052 deseruere
1084 986 1246 1051 theatrum

444 1094 483 1156 Et
495 1110 578 1157 nova
592 1092 787 1176 succedunt,
800 1110 883 1175 quae
895 1095 998 1175 prisea
1011 1098 1159 1175 poemata
1172 1095 1305 1159 laedunt
1316 1126 1326 1158 ε

373 1326 404 1386 (ll
416 1324 510 1375 Publiee
524 1342 566 1387 par
576 1328 608 1375 lt.
619 1326 699 1384 bione,
713 1330 830 1388 Anseiper
842 1330 886 1387 site
919 1331 986 1388 igitur
995 1330 1065 1376 insula
1075 1331 1146 1375 ludas
1155 1329 1274 1376 Scariotee
1284 1331 1414 1388 appellatus
1423 1340 1469 1379 est.

346 1391 433 1437 tento
462 1390 509 1436 ἀπ
538 1390 651 1436 treeetee
683 1390 790 1446 lorus,
817 1394 883 1446 tete,
919 1392 1099 1449 flammantem
1114 1390 1172 1436 illes
1190 1392 1470 1439 loeiearenslibertearl

345 1452 388 1498 eol.
406 1457 453 1499 isse.
467 1452 499 1497 la
516 1453 573 1497 rime
591 1458 654 1510 porte
669 1459 885 1499 consummantem
919 1456 981 1501 littus
1002 1456 1071 1500 marie
1092 1467 1161 1501 eausa
1181 1454 1290 1511 spatiandi
1309 1456 1423 1511 prooessit
1443 1461 1468 1501 et

345 1514 406 1559 deur
418 1513 528 1571 munires,
539 1519 562 1560 et
573 1512 615 1559 l’on
625 1516 742 1560 reennnalt
751 1526 805 1560 sane
819 1516 885 1571 pelne
916 1514 1025 1562 mesilam
1034 1528 1048 1561 a
1058 1516 1151 1561 marinis
1164 1515 1269 1561 lluetibus
1278 1516 1362 1572 laetari
1374 1517 1468 1572 ridens,

345 1575 444 1622 d'entree
457 1576 591 1623 reeberebee
607 1576 635 1621 de
646 1576 718 1622 ierne
731 1578 785 1634 qni,
799 1579 884 1635 matre
918 1580 990 1636 ipsam
1010 1578 1093 1637 aperirl
1110 1578 1237 1634 preerepitr
1256 1577 1420 1634 inveniensque
1433 1576 1468 1622 ibi

344 1638 426 1684 lesere
438 1646 547 1695 quenous
558 1639 638 1683 eitione
649 1639 839 1691 tont·i·l’beure‚
856 1652 884 1685 ne
918 1653 1013 1698 puerum
1028 1638 1135 1696 elegantia
1157 1634 1254 1691 termae,
1277 1639 1392 1695 suspirans
1411 1638 1465 1683 ait:

344 1701 884 1758 permetientpasderegardereepoemeeomme
918 1701 1064 1749 oeleotmde
1083 1705 1159 1746 tantu
1172 1700 1304 1746 enblmamr
1323 1700 1420 1755 meotis,
1434 1710 1468 1745 ne

395 1836 404 1880 p
577 1836 591 1868 e
737 1836 750 1870 e
824 1836 849 1870 er
958 1836 987 1869 nr
1370 1835 1385 1867 a

344 1896 386 1931 eon
399 1885 475 1931 mlenx
485 1898 530 1931 nne
539 1886 643 1932 tradition
652 1888 704 1944 quil
716 1837 827 1945 aeexeppteit
835 1893 885 1933 tont
917 1887 1045 1941 simulavit3
1056 1885 1148 1931 tandem
1156 1898 1181 1930 ee
1192 1884 1263 1929 lilium
1271 1885 1384 1942 peperisse
1396 1897 1465 1929 nen-

345 1947 430 1992 entlere
441 1952 464 1993 et
474 1948 621 2004 reprodnieait
634 1958 688 1994 ‘sans
700 1949 722 1994 la
734 1950 834 1995 moindre
845 1951 884 1994 in·
919 1948 975 1993 titur
986 1954 1011 1993 et
1023 1958 1063 2006 por
1077 1953 1148 1992 tetum
1159 1958 1253 2002 regumn
1264 1945 1325 1991 lama
1335 1947 1393 1993 haee
1405 1947 1466 1992 eele-

344 2008 884 2057 nonaumeitldlnneavattoeeeanaetan·
918 2010 965 2055 bris
989 2010 1126 2068 divulgatur.
1156 2009 1266 2066 Prineepe
1287 2019 1329 2065 pro
1354 2014 1466 2066 suseeptn

345 2070 415 2115 tation
439 2071 491 2116 bien
513 2083 644 2126 sommum,
658 2084 686 2117 en
700 2072 830 2118 vieillissent
843 2086 884 2119 son
919 2072 994 2118 sobole
1022 2072 1165 2116 vehementer
1189 2070 1298 2123 exsultat,
1328 2075 1352 2115 et
1375 2070 1463 2125 ingenti

344 2134 468 2180 manuscrit
478 2133 506 2178 de
518 2132 626 2190 quelques
638 2135 735 2190 unnim,
751 2147 808 2180 nous
822 2138 883 2181 eroi—
918 2135 1000 2192 gaudio
1009 2134 1071 2191 plebs
1081 2134 1187 2178 laetatur.
1202 2133 1280 2189 ipsum
1291 2131 1360 2187 lgitm
1370 2144 1461 2177 seeun-

343 2195 404 2240 rions
425 2197 498 2239 meme
522 2207 567 2252 que
589 2206 616 2240 ee
642 2197 698 2253 petit
722 2200 801 2252 poema
827 2197 884 2243 n'est
918 2196 971 2241 dnm
985 2195 1174 2252 magnifieentiam
1187 2195 1273 2251 regiam
1288 2193 1379 2239 educari
1392 2193 1463 2251 letit3

360 2256 427 2301 u'nne
440 2256 576 2302 elaboratlon
594 2257 623 2300 du
639 2257 695 2302 reeit
712 2257 740 2304 de
756 2258 855 2304 lacobus
868 2271 882 2304 a
918 2269 963 2303 non
977 2257 1134 2314 postmultum
1151 2269 1206 2302 vero
1223 2255 1419 2312 temporisreglna
1433 2256 1463 2301 de

341 2268 463 2374 imagine.
483 2318 532 2363 lion
550 2317 673 2364 seulement
692 2324 765 2365 tontes
782 2320 814 2365 les
833 2321 883 2366 eir-
917 2330 971 2376 rege
983 2319 1097 2376 eoneepit,
1111 2325 1135 2363 et
1150 2329 1192 2363 suo
1205 2323 1304 2374 tempore
1321 2314 1391 2362 fllium
1402 2328 1462 2373 per-

344 2387 476 2426 eonstanees
499 2386 550 2425 sont
572 2381 706 2437 identiqnes,
735 2380 792 2425 mais
817 2394 845 2425 on
868 2395 883 2439 y
918 2382 1004 2427 turivit.
1015 2380 1070 2426 Cum
1082 2387 1158 2425 antem
1168 2380 1231 2438 pueri
1241 2380 1403 2436 aliquantulum
1410 2381 1462 2435 jam

342 2447 448 2487 retrenre
460 2440 585 2498 &galement
601 2443 640 2487 des
653 2441 735 2488 lermee
748 2442 847 2488 insolitee
860 2450 884 2489 et
919 2443 1052 2497 crevissent,
1067 2443 1095 2488 ad
1105 2442 1202 2487 invicem
1211 2442 1300 2498 saepius
1311 2440 1462 2496 parturiebant,

343 2501 383 2547 des
400 2508 459 2548 mols
481 2503 599 2549 oemnmes
619 2504 647 2549 de
665 2503 714 2548 leur
736 2502 883 2560 signifieatlon
917 2511 940 2551 et
953 2517 1048 2562 puerum
1061 2504 1147 2561 regium
1159 2504 1230 2549 ludas
1243 2503 1327 2548 crebris
1341 2503 1461 2558 molestiis,

343 2564 470 2611 babitnelle.
484 2564 549 2611 Veiel
561 2566 583 2611 la
596 2565 686 2611 version
701 2565 732 2610 du
748 2565 837 2611 credule
848 2566 883 2610 le—
917 2571 941 2612 et
952 2566 1040 2623 injuriis
1050 2566 1196 2619 molestabat,
1205 2572 1228 2611 et
1236 2566 1265 2609 ed
1278 2564 1357 2610 lletum
1368 2565 1460 2622 seeplns

342 2626 447 2682 pendatis
458 2628 566 2684 :Leptim
577 2632 654 2672 antem
666 2628 690 2671 in
698 2627 799 2682 quadam
809 2627 884 2672 bisto-
917 2628 1063 2686 provombat.
1074 2627 1161 2683 Regina
1173 2633 1249 2671 antem
1258 2627 1302 2671 boe
1313 2628 1406 2672 moleste
1418 2626 1460 2672 ie-

342 2688 378 2734 rla
390 2689 442 2735 lieet
455 2690 594 2748 epoerppba,
610 2688 669 2746 qnod
687 2688 730 2733 init
741 2689 833 2745 quidem
848 2691 884 2734 vir
916 2702 981 2745 reus,
993 2696 1016 2735 et
1026 2689 1107 2735 ladam
1122 2690 1150 2734 ad
1161 2701 1186 2735 se
1199 2701 1243 2734 non
1254 2689 1366 2746 pertinere
1384 2690 1461 2735 eniens

343 2751 366 2796 ln
375 2750 501 2797 ierusalem
516 2751 607 2797 nomine
621 2751 717 2804 nonen,
729 2751 769 2806 qei
784 2752 827 2795 alle
835 2760 885 2796 no-
916 2752 990 2809 ipsnm
1003 2751 1104 2797 erebrius
1122 2751 1258 2796 verberavit.
1278 2751 1321 2795 Sed
1333 2760 1377 2795 neo
1393 2751 1426 2796 eie
1443 2761 1459 2794 e

342 2813 403 2859 mine
413 2813 487 2858 dietus
499 2817 535 2857 est
551 2812 641 2868 hon,
654 2812 683 2857 de
696 2812 755 2856 tribu
767 2813 817 2857 ban
833 2814 882 2869 rel,
916 2815 1016 2859 molestie
1024 2815 1089 2871 pnerl
1099 2813 1230 2859 desistebat.
1243 2813 1343 2858 nnumin
1353 2822 1459 2869 respen—

341 2873 746 2931 monadumlllerenpmemdetrlbn
755 2873 881 2929 Ysaeelaarr
915 2877 988 2929 datar,
1002 2880 1026 2921 et
1039 2874 1110 2921 bedas
1129 2886 1172 2919 non
1190 2884 1258 2919 verns
1274 2875 1367 2930 reginae
1384 2873 1459 2929 iias,

341 2936 381 2992 qni
393 2935 471 2980 babuit
483 2947 588 2986 uxorem,
602 2949 661 2993 quae
674 2936 775 2993 Cpberea
788 2946 882 2981 nnnen*
916 2938 955 2982 sed
981 2937 1100 2991 inventas,
1122 2937 1228 2993 aperitur.
1250 2936 1317 2993 Quod
1339 2936 1410 2980 indas
1430 2942 1456 2980 nt

342 3002 395 3054 pata
408 3002 450 3042 est
471 2997 574 3052 Quodam
587 2998 657 3055 igliur
673 3006 752 3053 noete,
772 3010 826 3044 eunt
839 2999 881 3044 eibi
917 3000 1036 3056 eemperit,
1056 2999 1201 3043 venementer
1221 2998 1311 3043 mnbnit
1324 3003 1348 3042 et
1363 2998 1456 3042 irenem

342 3063 420 3103 neten
432 3058 532 3104 debitum
546 3060 707 3115 exsolvissent,
720 3060 823 3117 dyberea
836 3060 883 3105 eb·
915 3070 982 3105 suum
1005 3061 1145 3117 mulsum,
1170 3059 1239 3104 ulium
1264 3060 1337 3116 regis,
1361 3060 1456 3105 muster

341 3120 452 3165 dormiens
465 3122 575 3167 somnium
595 3122 664 3176 sidit,
682 3122 741 3179 qood
760 3123 881 3179 perterrita
916 3122 1005 3168 eeeidit.
1021 3123 1057 3168 Ob
1070 3123 1114 3167 boe
1130 3122 1251 3178 capitalem
1271 3122 1405 3166 sententiam
1422 3122 1455 3165 tl*

340 3193 394 3289 &nm
410 3183 566 3291 3ᾟέιὲᾞῶ
576 3185 678 3291 ἑᾛίηἰε
692 3184 881 3292 {313er
915 3196 993 3302 ἔξω,
1011 3194 1064 3229 eum
1078 3184 1239 3289 trriibntassiiisniln
1249 3183 1375 3288 {emsalem
1386 3182 1454 3289 eall:-

364 3256 434 3289 eens:
638 3258 690 3303 ‚qu
762 3260 800 3291 nm
827 3256 879 3304 agr-
965 3256 1035 3303 esque
1060 3256 1139 3291 eune
1181 3258 1187 3289 ι
1262 3256 1306 3289 nne
1333 3255 1398 3300 prees
1446 3274 1455 3299 ,

340 3305 422 3351 tionum
441 3318 558 3362 parerem,
572 3309 610 3365 qui
625 3310 692 3354 totins
705 3309 778 3365 gentis
791 3314 882 3354 nostrae
916 3308 1067 3364 mancipavit,
1084 3314 1109 3352 et
1130 3308 1245 3363 (quoniam
1261 3318 1300 3352 res
1320 3307 1401 3352 similas
1413 3306 1454 3352 slbi

340 3378 409 3427 oense
429 3369 557 3423 perditionis
581 3371 694 3416 existeret.
718 3368 760 3415 dni
779 3370 878 3415 liuben:
915 3375 967 3413 siret
982 3370 1076 3426 babiles)
1094 3370 1179 3414 Pilatus
1192 3370 1275 3414 ledam
1294 3369 1343 3414 seis
1359 3368 1453 3413 moribus

339 3426 454 3475 metram
467 3443 531 3486 rem,
545 3432 633 3489 inquit,
647 3445 689 3478 nee
704 3433 775 3477 relatu
789 3432 880 3489 dignam
914 3431 999 3476 invenit
1022 3442 1160 3487 eongruere,
1181 3437 1204 3475 et
1221 3431 1271 3475 ideo
1291 3431 1363 3486 eoepit
1381 3432 1452 3486 ipsum

339 3489 434 3547 proteris
450 3498 476 3536 et
497 3492 591 3549 spiritu,
614 3506 656 3540 een
672 3499 740 3553 puto,
759 3494 880 3551 phytonico
915 3492 1452 3548 raldeearnmbabere.Universaelgitnrenrlae

339 3552 435 3610 raperis.
452 3548 493 3598 Cui
505 3555 541 3599 illa
552 3555 591 3601 :si
601 3567 637 3600 me
647 3556 776 3612 eoneepisse
788 3566 879 3600 sensero
914 3554 980 3599 Pilati
991 3554 1062 3600 indes
1078 3554 1215 3611 praemitur,
1230 3560 1256 3599 et
1268 3554 1296 3599 ad
1310 3555 1361 3609 eine
1374 3559 1451 3598 netem

339 3619 362 3659 et
375 3610 445 3659 filium
460 3626 582 3673 peponem,
595 3616 681 3673 absque
696 3616 878 3674 dubiononspi·
914 3617 988 3662 emnia
1005 3617 1158 3673 disponuntur.
1186 3616 1288 3672 Quadam
1310 3616 1379 3672 igitur
1402 3615 1450 3668 die,

337 3676 394 3721 ritus
401 3676 535 3734 pbytonions
546 3678 640 3732 exstitit,
651 3678 690 3724 sed
700 3677 807 3724 revelatio
817 3686 878 3723 certa
913 3678 1000 3723 Pilatus
1011 3679 1040 3722 de
1051 3678 1134 3734 palatie
1147 3690 1188 3722 seo
1202 3679 1224 3721 in
1237 3676 1351 3734 quoddam
1361 3686 1450 3734 ponen-

336 3736 734 3797 tultluoeedenletgnurtemporo,
747 3753 799 3787 enm
809 3740 878 3785 lilium
912 3742 971 3785 rium
994 3741 1118 3797 aspiciens,
1141 3740 1228 3784 illorum
1255 3750 1371 3795 pomonrm
1393 3742 1449 3782 tento

337 3800 473 3857 peperisset,
487 3807 592 3856 parentes
605 3803 725 3859 plurimum
740 3803 878 3858 timuerunt,
912 3801 1021 3846 msidemo
1049 3806 1128 3857 eaptus
1151 3806 1206 3855 est,
1230 3805 1254 3844 nt
1276 3812 1335 3857 pene
1357 3798 1447 3844 delinere

337 3862 423 3918 etquid
434 3862 621 3919 deeoiaeerem,
635 3865 734 3921 cogitare
744 3870 877 3920 coeperunt3
912 3864 1032 3908 dumetum
1053 3863 1111 3907 Erat
1134 3867 1211 3907 antem
1239 3862 1291 3906 illul
1314 3861 1447 3919 pomoerium

338 3935 435 3980 eumque
448 3922 519 3969 lilium
531 3926 677 3971 abborrerent
696 3925 811 3981 occidere,
833 3934 875 3970 nee
910 3924 1002 3977 lieben,
1022 3926 1093 3981 patris
1113 3924 1199 3980 ledae3
1213 3924 1252 3969 sed
1267 3936 1311 3969 neo
1325 3924 1394 3969 indes
1404 3934 1447 3979 pe-

337 3985 418 4030 rellent
432 3985 594 4031 destructorem
608 3986 642 4031 sul
656 3987 744 4044 generis
764 3986 874 4038 enutrire,
909 3991 1049 4042 memneqne
1063 3986 1144 4030 buben
1154 3985 1385 4042 liliumagnoseebat,
1398 3987 1447 4042 qnla

337 4045 410 4101 ipsum
426 4048 449 4091 in
465 4046 548 4092 llseella
566 4049 662 4105 pesitum
677 4049 733 4093 mari
747 4053 874 4104 exponent,
910 4050 933 4092 et
955 4048 1035 4093 nubea
1055 4049 1128 4105 ipsum
1152 4049 1206 4104 [bis]
1230 4048 1323 4093 marinis
1350 4047 1447 4092 ductiles

337 4117 403 4161 quem
416 4108 544 4164 (leuant)
558 4111 637 4155 marini
651 4108 733 4155 duetus
742 4110 875 4155 adinsnlem
910 4109 1002 4164 periisse
1011 4110 1118 4165 putabat,
1139 4117 1162 4156 et
1175 4110 1257 4165 ludas,
1271 4110 1323 4166 quis
1333 4116 1445 4167 paterent

336 4167 492 4223 propulerunt,
503 4181 562 4225 quae
573 4171 674 4217 Searimb
686 4172 775 4217 dieitur.
791 4171 825 4216 Ab
839 4170 874 4215 illa
910 4182 968 4227 quae
982 4172 1054 4227 patria
1068 4184 1109 4217 sun
1123 4172 1202 4227 inerit,
1218 4173 1306 4228 penitus
1321 4171 1442 4228 ignorabit.
