3160 5196
812 521 978 579 -382—

433 646 608 725 AEtniopas
622 645 737 724 igitur,
759 648 870 707 Persas
882 643 1041 725 indosque
1051 649 1212 728 petentes,

474 768 596 814 merces
609 749 780 815 mutandas
793 751 953 814 mercibus
966 750 1150 815 instituunt.

435 864 504 922 Non
517 858 562 921 sic
575 859 617 923 ad
630 860 740 922 votum
754 857 959 921 machometis
972 863 1111 923 cesserat
1125 877 1285 940 unquam,

476 983 535 1028 nec
548 967 674 1031 tantum
689 965 819 1029 domino
830 966 981 1046 proderat
993 970 1069 1029 ante
1082 985 1142 1031 suo
1157 996 1166 1029 ι

435 1077 514 1136 Nam
526 1071 668 1153 rediens,
683 1072 852 1135 commissa
863 1072 922 1135 sibi
936 1072 1097 1154 duplicata
1110 1075 1252 1155 reportat
1264 1099 1272 1152 3

476 1178 650 1259 quaedam,
666 1180 767 1243 multa
781 1179 884 1258 magis
896 1198 994 1260 quam
1007 1180 1165 1261 triplicata
1176 1181 1285 1243 refert.

437 1312 527 1388 0(h)!
543 1311 723 1376 divinorum
736 1314 897 1377 scmtator
906 1313 1102 1393 iudiciorum

476 1419 547 1501 quis
558 1423 655 1501 queat
669 1425 761 1483 esse?
777 1420 864 1483 Malis
876 1422 947 1501 plus
961 1440 1019 1484 sua
1029 1425 1106 1487 vota
1121 1422 1239 1485 tavent.
1315 1452 1323 1467 ·

437 1526 500 1591 Sed
510 1526 537 1589 si
551 1527 717 1590 credamus
728 1527 844 1591 rationi
858 1528 1128 1611 christicolarum,

476 1653 574 1714 quam
587 1653 676 1698 sacra
688 1638 740 1698 lex
753 1635 877 1719 firmat,
893 1655 989 1717 quam
1001 1641 1088 1701 tenet
1099 1639 1182 1700 aima
1194 1637 1274 1700 fides
1287 1686 1294 1716 ‚

439 1741 594 1805 Retribuit
606 1745 689 1804 Deus
702 1742 762 1805 ista
776 1743 868 1806 malis
880 1748 1010 1825 propter
1023 1747 1107 1808 bona
1121 1745 1297 1825 quaedam,

478 1864 561 1927 quae
573 1847 767 1929 quandoque
781 1848 872 1930 mali,
886 1866 985 1929 parva
998 1849 1089 1931 licet,
1107 1849 1240 1914 iaciunt.

440 1957 577 2018 Eeontra
590 1974 685 2019 nemo
697 1959 764 2019 tam
778 1959 889 2019 sancte
902 1956 981 2021 vivit
994 1957 1035 2020 ad
1050 1975 1167 2034 unum,

480 2061 558 2143 quin
573 2062 744 2143 aliquando
759 2081 876 2144 manu,
891 2066 999 2126 mente
1011 2065 1062 2128 vel
1075 2079 1132 2126 ore
1146 2060 1249 2125 cadat.

441 2168 496 2231 iiic
509 2168 606 2248 igitur
618 2167 773 2250 premitur
786 2173 822 2233 ut
836 2174 868 2232 et
881 2170 933 2233 hio
947 2167 1090 2263 deponat
1097 2186 1261 2233 amurcam

480 2293 577 2356 quam
591 2275 631 2338 de
645 2279 777 2356 peccato
792 2277 953 2340 contrahit
966 2278 1041 2340 exul
1055 2277 1164 2339 homo,

443 2381 492 2445 Sic
504 2383 577 2462 Job,
592 2380 638 2445 sic
649 2384 831 2445 Machomes
845 2383 960 2461 (bonus
970 2382 1041 2462 hie,
1056 2384 1160 2445 malus
1173 2382 1238 2459 ille)
1250 2383 1395 2464 iuemnt3

480 2507 568 2552 nunc
581 2489 678 2551 habet
691 2488 743 2553 hio
757 2488 917 2571 requiem,
932 2489 1068 2552 sustinet
1082 2487 1133 2551 ille
1147 2506 1296 2552 crucem:

441 2593 556 2657 Taliter
566 2594 759 2676 Antiochus,
775 2595 955 2658 Maenubaei
970 2595 1093 2675 taliter3
1108 2595 1141 2656 tri
1155 2613 1244 2658 nunc

482 2699 589 2763 felices
600 2700 757 2782 gaudent,
772 2719 859 2764 nunc
873 2700 969 2763 miser
985 2700 1038 2763 ille
1053 2700 1148 2763 dolet.

440 2794 606 2870 Pressiiras
616 2808 725 2873 'Sancti
736 2808 781 2871 sic
795 2825 906 2872 omnes
919 2826 1020 2888 paene
1030 2809 1193 2888 tulerunt,

482 2916 519 2975 ut
532 2914 623 2979 dolor
636 2916 697 2980 iste
709 2915 813 2981 brevis
826 2914 943 2996 gaudia
956 2916 1050 2995 plena
1063 2915 1164 2976 daret.

442 3033 510 3092 Jam
523 3045 591 3091 non
602 3022 758 3105 turberis,
773 3021 906 3085 Domino
918 3021 947 3084 si
958 3021 1083 3103 judice,
1100 3020 1196 3103 justis

483 3135 534 3198 hio
547 3135 631 3196 mala
642 3131 848 3212 proveniunt,
862 3131 911 3193 vel
922 3130 1007 3191 bona
1022 3146 1115 3209 saepe
1129 3128 1230 3191 malis.

444 3240 552 3306 Divitis
565 3242 634 3305 esto
646 3255 769 3301 memor
779 3254 875 3318 quem
889 3242 1025 3299 Lazarus
1041 3235 1093 3298 ille
1106 3236 1259 3316 rogabat,

484 3351 577 3429 cujus
590 3347 731 3425 lingebat
744 3346 851 3407 ulcera
868 3345 978 3423 lingua
992 3360 1109 3406 eanum
1123 3373 1130 3404 :

445 3458 537 3521 Dives
550 3454 742 3518 inhumanus
755 3451 852 3513 modo
866 3451 1079 3512 tormentatur
1092 3448 1125 3510 in
1139 3448 1229 3529 igne,

485 3580 571 3627 nune
585 3561 728 3624 Abrahae
741 3557 860 3639 gaudet
875 3563 1011 3620 Lazams
1024 3555 1058 3617 in
1071 3556 1203 3635 gremio.

445 3671 495 3736 Sic
508 3675 605 3749 Nero,
621 3668 666 3731 sic
678 3665 809 3745 Decius,
824 3664 992 3744 DatianuS,
1007 3660 1216 3724 Maximianus

484 3775 668 3857 presserunt
680 3771 792 3835 Christi
808 3774 949 3850 tempore
963 3769 1105 3831 membra
1116 3787 1176 3832 suo
1191 3818 1198 3851 ,

446 3889 484 3948 nt
497 3886 593 3964 caput
604 3881 745 3962 ipsorum
758 3878 930 3952 (Christum
940 3877 1067 3955 loquor)
1081 3875 1114 3937 in
1126 3892 1221 3939 cruce
1235 3875 1329 3937 misit·

487 4008 565 4072 gens
577 3988 628 4052 eui
642 3986 816 4069 promissus
829 3988 862 4048 et
875 3983 927 4048 eui
940 3981 1056 4045 missus
1068 3985 1146 4045 erat.
1238 4004 1244 4013 ·

446 4102 500 4161 lite
513 4099 702 4180 resurrexit,
721 4094 882 4175 aseendit,
899 4096 1014 4171 regnat
1027 4095 1059 4154 et
1072 4092 1147 4155 illuc

486 4205 627 4269 membra
643 4203 741 4266 trahit
752 4219 861 4264 seeum
873 4200 994 4280 jugiter
1007 4201 1073 4280 ipse
1086 4217 1154 4262 sua.
1270 4220 1273 4225 ·
