3146 5192
565 480 594 488 ·—
619 453 675 507 165
690 483 729 492 -

176 573 261 636 dum
272 577 399 637 sectant
411 592 484 638 cum
499 579 635 657 symone
647 580 757 642 Elisaei
772 597 915 647 servum.

176 681 330 744 relaxant
340 682 482 763 justitiae
495 684 544 748 vel
557 685 743 766 dirumpunt
756 705 899 751 nervum.

71 841 77 856 ·
175 835 252 896 Non
263 834 409 915 splendet
420 835 580 899 humilitas
593 838 682 900 collis
694 839 924 920 praelatorum,

175 941 239 1003 sed
250 944 385 1023 superbe
396 946 562 1024 satagunt,
580 962 645 1008 non
659 949 767 1010 tamen
778 946 938 1010 minorum

174 1047 241 1111 sibi
256 1050 339 1113 llecti
350 1053 450 1131 janua
463 1052 495 1131 (l.
508 1056 640 1132 genua),
655 1053 712 1114 sed
723 1053 938 1134 superiorum,

175 1173 256 1219 cum
268 1160 351 1220 Dens
362 1157 506 1220 humiliet
519 1159 551 1237 (l.
565 1158 710 1221 humiliat
719 1161 743 1235 ἲ)
755 1160 835 1222 colla
849 1161 1069 1240 superborum.

177 1309 335 1373 Praefeoit
348 1309 506 1373 Ecclesiae
517 1309 660 1374 Christus
677 1310 884 1392 piscatorem,

176 1419 219 1478 ut
232 1417 362 1479 haberet
374 1416 525 1479 humilem
537 1434 594 1497 per
607 1418 710 1480 saecla
723 1421 901 1500 pastorem,

176 1539 267 1585 nunc
277 1539 353 1585 vero
365 1540 431 1585 non
444 1521 567 1602 eligunt
579 1525 671 1586 Petro
685 1540 917 1606 successorem,

178 1628 387 1692 Constantino
400 1627 533 1692 similem
544 1629 602 1691 sed
612 1634 771 1710 quaerunt
784 1634 950 1694 rectorem.

176 1783 261 1844 Bella
274 1780 428 1861 miscent,
444 1779 565 1861 peritus
580 1784 623 1859 (1)
636 1783 669 1843 et
682 1781 885 1844 seductiones
896 1783 929 1857 (l.
943 1781 1114 1845 seditiones
1124 1783 1147 1851 ll

179 1887 261 1950 intra
273 1889 415 1969 plebem,
430 1887 563 1969 milites,
579 1905 671 1967 reges
685 1891 717 1949 et
729 1889 887 1968 barones3

181 1996 265 2058 unde
282 1995 366 2059 liunt
377 1994 475 2058 hodie
489 1997 537 2057 tot
548 1994 733 2057 occasiones

180 2103 267 2182 quod
281 2103 347 2164 fere
360 2119 395 2163 se
405 2100 565 2181 perimunt
576 2118 687 2163 omnes
699 2101 855 2164 nationes.

181 2259 325 2334 Regnum
337 2271 472 2334 regnum
487 2254 655 2316 destruunt
665 2255 698 2334 (l.
710 2253 855 2330 destruit)
865 2257 897 2315 ct
909 2270 987 2333 gens
1000 2253 1103 2333 perdit
1115 2272 1198 2334 gen-

180 2361 269 2425 dives
282 2363 403 2423 mactat
416 2378 587 2441 pauperem
599 2363 631 2422 et
642 2379 762 2442 pauper
774 2363 937 2441 potentem
951 2387 960 2441 3
1100 2365 1196 2444 [tem3

181 2471 269 2547 pater
282 2468 380 2530 tradit
392 2467 493 2531 lilium
505 2471 537 2529 et
550 2466 617 2547 ipse
632 2472 816 2549 parentem,

181 2591 239 2637 nec
253 2575 383 2636 fratrem
395 2572 536 2637 invenies
549 2575 679 2635 fratrem
695 2573 888 2654 diligentem.

182 2727 288 2786 Partes
301 2723 412 2787 mundi
425 2727 564 2805 quatuor
576 2742 663 2787 nunc
676 2741 791 2805 guerra
804 2726 933 2788 lacescit
945 2753 953 2806 3

182 2848 240 2896 nec
253 2849 359 2913 mare,
374 2849 434 2894 nec
448 2831 595 2913 flumina,
610 2849 670 2895 nec
684 2834 768 2894 terra
781 2831 916 2913 quiescit
929 2859 937 2913 3

182 2939 285 3002 omnis
299 2940 394 3003 homo
408 2939 556 3002 fulminat
569 2942 602 3001 et
614 2956 702 3001 anna
716 2939 871 3020 capescit,

182 3048 214 3108 et
223 3045 321 3127 pestis
335 3046 553 3125 discordia(e?)
566 3048 634 3108 tota
649 3045 700 3107 die
714 3046 837 3110 crescit.

182 3200 280 3260 Notus
292 3200 401 3276 (Totus
409 3198 433 3275 l)
446 3201 495 3260 est
509 3197 542 3260 in
556 3196 708 3260 caedibus
721 3197 807 3260 orbis
821 3197 1000 3280 involutus,

100 3310 104 3317 '
183 3306 214 3365 et
226 3304 302 3368 hinc
315 3304 391 3367 inde
409 3304 532 3384 gladius
544 3307 689 3369 versatur
703 3307 836 3385 acutus,

183 3413 230 3472 est
240 3412 379 3474 vasallus
393 3411 512 3474 domini
527 3428 641 3473 cruore
653 3412 811 3492 pollutuS,

182 3536 241 3582 nec
254 3520 370 3600 hospes
381 3519 422 3582 ab
436 3518 559 3599 hospite
575 3520 679 3598 potest
692 3536 762 3580 esse
775 3521 874 3581 tutus.

182 3652 366 3747 Apraelatis
379 3667 486 3730 omnia
500 3668 579 3729 haec
593 3669 699 3728 ortum
711 3668 878 3729 traxerunt
890 3691 898 3746 3

181 3775 235 3836 sed
247 3773 333 3854 ipsos
346 3774 485 3854 pericula
499 3791 563 3836 non
578 3772 879 3853 praetermiserunt:

119 3991 145 4048 ll)
158 3993 286 4041 Paul-erra
301 4008 328 4040 ce
340 4001 386 4040 mot
399 3996 438 4052 qul
452 4008 550 4052 maraque
566 3997 623 4043 dans
656 4002 716 4047 rilio
727 4003 754 4047 da
763 4003 785 4047 la
794 4004 973 4058 bassa-latinum
988 4018 1057 4063 voroz
1071 4007 1200 4066 ducange,

16 4088 17 4093 ,
99 4057 140 4097 uus
151 4056 181 4101 les
192 4057 322 4114 glossarios,
334 4059 396 4103 est-il
405 4059 482 4103 darive
497 4058 525 4103 dc
535 4058 623 4102 Perire
658 4071 674 4110 ι,
686 4067 712 4116 ν,
728 4079 750 4122 p,
765 4071 813 4120 aar,
826 4067 869 4111 ool.
885 4072 905 4110 l.

98 4119 117 4158 at
126 4118 189 4163 a·l-il
201 4119 222 4164 la
236 4123 310 4166 meme
324 4120 472 4176 signification
487 4132 531 4176 que
545 4120 565 4164 le
576 4119 621 4166 Pc-
