3112 5194
593 552 758 611 —345-

187 682 353 763 egregiam
365 684 486 762 prolem
502 698 718 761 magnumque
727 680 830 744 virum
845 696 1048 758 generarem,

187 794 287 871 Cujus
299 790 495 870 temporibus
508 790 648 852 mundns
661 791 728 851 tam
745 787 826 849 mira
840 785 977 864 videret,

188 902 227 960 ut
237 897 355 978 pariter
365 915 454 961 mare
468 914 541 960 cum
555 900 639 959 terra
653 896 841 974 coelumque
852 897 991 973 paveret.
1011 916 1025 949 a

188 1009 274 1068 Haec
286 1005 327 1067 ad
337 1007 432 1068 verba
445 1004 493 1068 sui
506 1004 638 1067 comites
652 1020 804 1084 responsa
818 1002 951 1064 dedere:

190 1135 208 1171 «
231 1116 285 1175 Est
297 1112 408 1193 regina
420 1112 548 1192 procul,
564 1129 623 1174 nec
634 1129 704 1173 eam
715 1126 879 1191 possemus
893 1109 1030 1189 babere3

189 1221 260 1280 Non
273 1217 345 1280 ideo
360 1220 466 1280 tamen
481 1220 599 1280 effectu
613 1217 735 1280 resista
750 1215 890 1296 carebit,

191 1339 250 1384 nec
265 1326 330 1385 tam
345 1323 466 1402 grande
479 1324 599 1386 bonnm
614 1341 679 1386 non
694 1324 859 1387 obmisisse
875 1324 1010 1386 decebit.

190 1428 319 1491 villicus
334 1429 393 1491 iste
405 1432 497 1511 tuuS,
513 1432 567 1510 qui
578 1430 740 1493 virbonus
754 1449 823 1493 esse
835 1432 1003 1511 probatur,

194 1536 366 1598 formosam
382 1537 492 1614 genuit
506 1540 631 1617 natam,
646 1555 729 1616 qnae
742 1536 805 1598 Pila
821 1541 973 1615 vocatnr3

193 1641 270 1704 Huic
282 1659 338 1720 per
352 1642 556 1704 concubitum
571 1642 641 1705 vice
656 1642 786 1721 reginae
797 1642 938 1719 sociare,

199 1754 233 1812 ut
247 1753 312 1811 tam
325 1749 476 1812 mirificae
489 1750 586 1830 prolis
598 1753 688 1829 pater
702 1750 850 1812 officiare.
867 1771 882 1806 n

194 1857 341 1919 Praebuit
352 1875 517 1920 assensum
529 1875 604 1937 reu⁷
618 1860 651 1918 ct
662 1875 713 1918 res
727 1858 942 1939 acceleratur,

194 1965 226 2024 et
240 1965 415 2043 conjuncta
429 1963 496 2026 viro
508 1964 598 2041 virgo
611 1962 716 2025 subito
732 1962 926 2042 gravidatur.

194 2068 352 2133 biensibus
365 2087 443 2148 ergo
457 2088 571 2132 novem
587 2070 729 2133 decursis
739 2088 829 2132 more
843 2071 994 2151 gerendi,

200 2174 299 2236 edidit
313 2175 468 2236 infantem
480 2175 574 2237 solito
585 2176 649 2237 ritu
662 2175 816 2255 pariendi.

196 2280 330 2343 Mittitur
342 2281 384 2342 ad
398 2298 523 2362 regem,
538 2281 593 2361 qni
607 2281 733 2343 nuntiet
744 2282 828 2344 bane
842 2282 1000 2361 peperisse
1012 2310 1020 2364 3

195 2405 252 2450 rex
268 2388 402 2468 gaudet,
417 2407 500 2468 quae
513 2388 670 2469 precepit,
685 2390 842 2469 completa
855 2389 964 2452 tuisse.

196 2492 330 2556 Nuntius
345 2493 479 2574 adjecit:
495 2517 511 2553 n
526 2495 602 2569 Quis
615 2495 662 2560 vis
675 2514 754 2577 puer
768 2495 827 2559 iste
837 2500 970 2560 vocetur
980 2502 1048 2573 (1)?
1066 2520 1081 2555 n

163 2648 167 2655 .
199 2622 215 2658 a
227 2601 426 2666 Conveniens
440 2620 556 2664 nomen
570 2604 661 2684 volo,
679 2625 694 2660 n
710 2621 768 2666 rex
782 2602 845 2683 ait,
861 2627 877 2661 «
890 2606 926 2665 nt
946 2604 1005 2667 sibi
1020 2606 1135 2687 detur3

197 2711 273 2769 Nam
286 2708 361 2788 quia
375 2708 464 2771 dicor
479 2711 555 2771 ntus
568 2713 601 2772 et
613 2713 716 2772 mater
727 2710 791 2773 Pila
803 2714 955 2790 vocatur,

197 2813 407 2893 compositum
420 2832 537 2877 nomen
551 2816 669 2878 Pilatus
683 2817 710 2878 ei
726 2816 900 2878 tribuatur!
921 2838 939 2872 a

197 2920 300 2984 Crevit
312 2920 430 2984 Pilatus
440 2924 473 2983 et
486 2922 522 2983 iit
533 2923 672 3002 prudens
684 2923 886 3001 adolescens,

198 3026 339 3107 corporis
352 3030 385 3089 et
394 3027 510 3090 mentis
523 3030 648 3106 gemina
660 3027 777 3092 virtute
792 3028 960 3097 nitescens.

200 3134 311 3197 Aulam
323 3132 408 3211 regis
421 3133 508 3214 adit,
522 3137 611 3195 tanto
623 3135 726 3196 laetus
740 3133 902 3214 genitore,

199 3257 294 3319 quem
307 3258 365 3302 rex
378 3257 452 3303 cum
466 3240 594 3319 reliquis
608 3239 741 3319 dignum
753 3240 921 3318 reputabat
935 3240 1057 3303 bonore
1073 3268 1082 3300 ι

201 3349 332 3408 Laetum
345 3345 534 3426 principium
546 3346 618 3408 finis
630 3344 822 3425 quandoque
836 3348 989 3408 molestus

202 3454 384 3534 perturbat,
397 3470 457 3515 ceu
470 3453 674 3533 tranquillum
687 3470 776 3515 mare
787 3457 968 3518 commovet
977 3458 1097 3517 aestus,
1168 3453 1171 3463 '

200 3561 308 3623 Solum
322 3560 500 3622 nutrierant
514 3565 558 3636 (2)
571 3577 629 3622 rex
643 3559 694 3623 bic
707 3560 881 3641 reginaque
896 3564 1028 3642 natum,

201 3669 281 3729 etse
293 3668 450 3746 prolesua
463 3667 622 3747 gaudebat
635 3669 769 3746 uterque
782 3668 921 3729 beatum.

201 3772 256 3836 Cui
271 3774 462 3836 colludendo
476 3774 595 3837 Pilatus
608 3792 642 3836 se
656 3773 778 3837 sociare

201 3882 307 3961 coepit
318 3884 350 3942 et
363 3881 396 3943 in
410 3880 487 3944 ludo
503 3898 637 3961 puerum
651 3882 809 3942 tractabat
821 3898 948 3942 amare=

146 4111 175 4165 (1)
193 4108 304 4155 Vocemur
317 4123 359 4167 par
369 4124 448 4156 errent
461 4112 517 4156 dans
528 4117 591 4156 notre
605 4123 661 4165 ms,
724 4111 752 4165 (²¹
765 4109 895 4156 Nummi
904 4111 959 4153 dans
974 4114 1036 4154 notro
1048 4120 1105 4163 ms.;
1119 4109 1176 4155 mais
1187 4114 1239 4155 tous

123 4170 217 4278 pulisqbuig
235 4173 256 4217 ia
279 4173 336 4217 rime
354 4179 416 4229 porte
439 4179 529 4230 partout
543 4186 582 4218 sur
602 4173 661 4223 deux
697 4173 729 4217 ics
743 4178 820 4217 autres
831 4178 869 4216 ont
882 4172 901 4217 io
912 4172 998 4228 pturict.

123 4242 176 4285 aya
221 4266 226 4276 .
