3146 5192
581 568 621 578 -
638 541 691 595 loo
706 570 746 579 -

187 663 216 721 et
228 661 398 740 promissas
413 662 505 726 nohis
519 682 638 744 poenas
651 666 685 727 in
699 665 856 745 praesenti
872 666 991 746 sugite,

185 765 216 826 in
229 769 337 829 futuro
351 767 377 829 si
392 768 495 831 velitis
510 788 549 831 ne
564 770 605 832 sit
619 770 821 850 impossibile.

183 898 262 960 Nulli
275 902 418 962 vestrum
433 902 615 977 [li]onerosa
630 899 671 963 sit
685 902 765 964 llaec
778 900 980 979 exhortatio,

183 1009 281 1067 Deum
296 1008 408 1086 testor,
421 1024 516 1085 quem
530 1024 595 1068 non
609 1007 686 1068 latet
701 1006 804 1068 omnis
818 1006 1000 1087 meditatio,

183 1110 257 1190 quia
270 1110 349 1172 milri
364 1111 452 1191 quod
465 1115 497 1174 ct
509 1111 600 1175 vobis
614 1112 692 1175 illud
706 1111 790 1174 idem
805 1112 913 1174 timeo.

183 1241 275 1308 Scitis
288 1242 393 1323 enim,
409 1242 442 1304 in
456 1243 615 1305 infernum
630 1261 695 1305 non
707 1247 755 1305 est
768 1242 963 1321 consolatio,

185 1351 283 1410 irater
297 1347 388 1410 fratri
402 1366 469 1415 nun
481 1350 663 1428 succurret,
678 1366 782 1427 neque
796 1352 887 1428 pater
901 1348 987 1427 filio,

186 1471 261 1515 nam
274 1451 328 1515 hic
342 1470 443 1532 aeque
456 1453 640 1534 punientur,
655 1455 688 1515 et
701 1454 820 1532 absque
835 1452 988 1514 remedio.

186 1584 330 1657 Quantus
347 1583 482 1661 plangor
494 1582 558 1645 illic
571 1581 672 1644 inest!
688 1584 832 1656 Quantus
845 1581 962 1645 stridor
976 1579 1143 1644 dentium!

187 1686 218 1749 in
230 1704 295 1767 quo
309 1686 371 1749 luci
384 1686 510 1768 pietatis
523 1688 646 1749 nullum
660 1691 709 1748 est
722 1685 884 1766 refugium

188 1810 246 1854 nec
258 1792 300 1854 ad
314 1795 454 1874 tempus,
468 1810 543 1856 cum
556 1810 642 1855 mors
653 1796 761 1855 manet
774 1792 838 1854 illic
852 1790 884 1852 in
899 1793 1101 1870 perpetuum.

188 1920 285 2000 igitur
299 1919 341 1982 sit
354 1920 443 1983 vobis
456 1920 545 1984 cordi
560 1924 690 1983 aeterna
705 1920 858 1995 felicitas,

189 2023 296 2104 inqua
311 2025 398 2087 nulla
413 2026 621 2104 superborum
635 2025 772 2087 sentitur
785 2024 967 2103 temeritas,

189 2128 227 2190 ab
241 2129 302 2190 liae
315 2129 427 2207 procul
441 2131 528 2191 lraus
541 2131 574 2191 et
585 2129 650 2211 ira,
664 2131 775 2210 procul
787 2131 819 2191 et
832 2128 1006 2191 calamitas.

191 2258 233 2319 lbi
247 2260 335 2320 fures
349 2276 414 2321 non
429 2261 588 2340 iurantur,
602 2277 662 2322 nec
673 2264 816 2340 raptores
829 2259 976 2341 rapiunt,

192 2363 385 2427 fraudulenti
399 2368 639 2445 sequestrantur
652 2368 685 2428 et
695 2365 749 2447 qui
763 2366 847 2427 mala
861 2363 994 2445 cupiunt
1006 2390 1014 2444 3

193 2468 224 2529 ni
237 2469 291 2548 qui
304 2470 390 2532 bona
404 2473 588 2551 operantur,
602 2470 741 2551 praemia
755 2468 922 2550 recipiunt.

193 2601 226 2659 ln
240 2599 301 2660 hac
311 2595 406 2677 justis
417 2600 467 2659 est
479 2615 552 2659 cum
566 2601 630 2660 Deo
644 2596 822 2660 communis
833 2595 970 2675 laetitia,

193 2720 254 2780 pax
267 2705 300 2763 et
313 2702 415 2783 salus,
428 2701 493 2765 vita
506 2719 619 2782 perpes
633 2705 665 2764 ct
678 2701 825 2782 perennis
840 2700 940 2782 gloria
953 2727 961 2781 3

195 2822 288 2867 nemo
301 2822 421 2884 pauper
434 2805 486 2867 liic
499 2806 636 2868 liabetur
651 2824 709 2868 nec
721 2823 820 2886 egens
834 2802 979 2885 pecunia.

193 2932 238 2994 ild
250 2934 351 3014 lianc,
366 2935 506 3014 Fratres,
521 2950 726 3013 properemus
741 2934 796 2995 sed
811 2932 965 2995 virtutum
981 2932 1154 3013 gradibus,

193 3039 300 3118 culpas
314 3042 441 3101 nostras
454 3039 616 3101 deleamus
629 3038 776 3120 lacrymis
789 3042 822 3101 et
837 3038 1000 3119 precibuS,

194 3143 275 3205 bona
289 3147 399 3206 nostra
411 3144 615 3207 recondendo
628 3162 804 3224 pauperum
818 3143 852 3205 in
866 3143 998 3206 sinibus.

193 3273 228 3335 lli
240 3278 316 3336 sunt
329 3274 447 3354 gradus
461 3292 516 3355 per
530 3286 611 3355 quos
624 3275 711 3337 illam
720 3276 863 3339 valemus
875 3273 1062 3354 ascendere,

194 3375 219 3437 si
233 3377 368 3439 velimus
381 3378 486 3442 carnis
498 3383 626 3441 nostrae
640 3377 715 3443 vitia
730 3382 915 3458 conterere,

195 3483 226 3540 et
239 3499 300 3561 pro,
309 3485 373 3544 Dec
388 3481 523 3546 debitori
537 3483 644 3546 dehita
659 3472 828 3546 dimittere.

196 3615 277 3691 Ergo
290 3614 415 3691 patrem
428 3614 636 3694 deprecemur
648 3619 747 3677 Deum
760 3613 937 3676 unianimes
949 3617 1008 3695 (l),

196 3717 346 3797 quatinus
360 3736 421 3780 nos
431 3736 540 3781 secum
553 3720 652 3782 ducat
665 3737 760 3798 supra
772 3717 852 3781 coeli
866 3716 1030 3796 cardines,

196 3825 227 3881 et
240 3838 258 3882 a
272 3819 374 3900 culpis
388 3820 532 3901 expiatos
546 3822 642 3885 faciat
656 3841 715 3886 nos
729 3821 875 3885 caelibes.

196 3951 267 4015 Eia!
283 3953 381 4017 Trina
390 3953 423 4016 in
435 3955 595 4036 personis,
611 3955 745 4036 simplex
758 3954 792 4017 in
806 3951 983 4016 substantia

131 4149 328 4256 Βεςίέἀζῖτῖρπίνηεκ
349 4160 408 4198 celte
424 4154 495 4203 forme
512 4159 545 4198 est
563 4154 666 4209 indiquee
679 4155 735 4199 dans
753 4155 783 4198 du
804 4150 892 4209 Gange,
915 4158 931 4197 t.
946 4152 992 4206 Vl,
1007 4150 1048 4196 col.
1066 4152 1131 4203 1679,
1149 4145 1182 4193 ad
1198 4145 1240 4190 des

157 4223 169 4256 u
196 4225 217 4256 ic
228 4227 268 4258 ms.
