3146 5192
759 436 921 491 432-

424 561 462 619 ut
474 574 573 640 equos
585 560 724 622 habeant
734 562 766 622 et
776 562 897 622 vestem
908 560 1066 639 nobilem,

423 669 462 729 Ut
474 664 582 729 vivant
593 665 722 746 largiter
732 668 765 729 et
775 683 833 729 sua
847 666 1017 747 dissipent,

423 774 456 832 et
467 774 505 833 ut
517 770 551 834 in
564 771 687 835 actibus
697 772 820 835 eunctis
830 772 1031 854 superbiant,

424 880 579 954 Quoniam
592 897 658 942 non
672 879 791 943 habent
803 882 911 943 tantm
925 878 1090 961 superbiae

423 986 510 1065 quod
523 985 565 1048 sit
575 985 735 1049 sufficiens
748 989 781 1049 et
791 986 971 1067 tolerabile,

422 1096 539 1155 Eorum
552 1093 635 1157 oculi
649 1092 803 1174 quidquid
816 1091 990 1175 aspiciunt,

422 1198 448 1260 si
464 1203 597 1277 possunt
611 1201 776 1280 auferunt,
792 1202 923 1280 captant
935 1203 968 1262 et
978 1199 1118 1279 rapiunt.

423 1305 554 1385 Superbi
567 1305 698 1387 milites,
712 1305 786 1386 equi
800 1305 917 1369 diaboli
929 1306 985 1385 (1),

422 1413 486 1475 hue
499 1412 573 1475 illuc
587 1413 743 1475 cursitant
755 1414 897 1494 ieroceS,
912 1410 1032 1492 rabidi,

422 1518 573 1600 virosque
586 1521 620 1593 (l.
635 1522 668 1582 et
677 1523 703 1595 i)
714 1519 832 1582 bestias
845 1517 900 1582 ubi
915 1518 1076 1599 reperiunt

421 1623 568 1687 nituntur
582 1641 692 1705 rapere
702 1626 752 1688 vel
766 1624 970 1688 interficiunt.

461 1731 608 1794 Rusticos
621 1731 735 1814 etiam,
750 1731 894 1812 quamvis
907 1731 971 1794 sint
984 1733 1142 1813 humiles,

423 1837 494 1900 dico
508 1837 665 1917 cupidinis
677 1855 747 1901 esse
760 1838 949 1918 culpabiles,

421 1943 577 2018 Quoniam
590 1945 673 2008 iuter
685 1962 720 2008 se
734 1944 1023 2025 concupiscentiam

422 2053 455 2113 et
466 2050 682 2114 incredibilem
695 2052 814 2115 habent
827 2051 1025 2131 jactantiam.

421 2160 498 2220 Nam
510 2157 535 2220 si
546 2157 618 2237 quis
628 2157 790 2238 proprium
803 2175 916 2221 canem
928 2157 1096 2239 habuerit,

422 2266 454 2324 et
467 2264 548 2326 alter
560 2266 693 2327 alterum
706 2263 731 2326 si
747 2264 829 2327 torte
841 2263 989 2343 laeserit(
1011 2263 1033 2341 ).

421 2368 503 2444 Quid
515 2370 574 2451 ipsi
589 2372 729 2433 iacerent
740 2370 772 2433 in
784 2371 879 2433 rebus
892 2370 1038 2433 maximis

421 2475 476 2554 qui
490 2476 544 2542 rix
555 2494 590 2540 se
603 2476 753 2540 cohibent
766 2475 800 2538 in
811 2477 906 2539 rebus
918 2476 1078 2539 minimis?

422 2584 520 2662 Saepe
532 2582 701 2662 probatum
713 2583 860 2662 estquod
875 2581 1081 2646 homicidium

422 2706 480 2769 pro
493 2688 632 2754 vindicta
646 2687 734 2751 canis
747 2691 876 2765 ex(s)tat
888 2690 1099 2768 compositum
1112 2717 1123 2771 3

422 2801 521 2877 Saepe
533 2794 739 2877 pro·hortulis
752 2798 822 2859 orta
836 2800 911 2858 sunt
926 2795 1018 2878 odia,

422 2924 480 2986 pro
494 2904 579 2985 agris
592 2903 718 2984 saepius
733 2905 816 2967 facta
830 2907 905 2965 sunt
918 2904 1046 2984 praelia.

422 3011 503 3089 Quid
518 3012 601 3074 ultra
614 3010 728 3074 studeo
741 3010 873 3073 crimina
887 3010 992 3074 dicere

422 3120 543 3198 majora
557 3134 653 3197 quam
665 3115 742 3196 dixi,
755 3116 948 3197 praescripto
963 3119 1100 3182 ordine?

423 3224 580 3301 Quamdiu
591 3222 707 3304 corrigi
720 3242 786 3286 non
798 3228 934 3303 possunt
944 3226 1037 3306 talia,

423 3349 624 3414 nequaquam
634 3348 714 3411 opus
727 3333 775 3392 est
788 3333 825 3392 ut
838 3330 941 3393 dicam
954 3331 1025 3393 alia.

462 3443 575 3520 OvoS,
590 3436 748 3517 Episcopi,
763 3454 895 3517 vosque,
911 3440 1106 3522 Presbyteri,

422 3551 565 3629 pastores
577 3545 700 3627 populi,
715 3543 792 3623 quid
802 3544 1019 3608 meditamini?

422 3658 477 3718 Est
490 3654 597 3718 omnis
605 3653 741 3733 populus
757 3650 824 3713 sine
838 3652 1000 3733 custodia,

422 3747 580 3826 monitore
592 3762 680 3823 earet
692 3758 795 3821 omnis
808 3758 956 3821 Ecclesia.

422 3871 579 3950 Propheta
591 3866 743 3949 praecipit
756 3867 818 3928 hoc
834 3865 1005 3945 unicuique

323 4069 344 4123 l)
367 4067 430 4111 (lette
451 4063 579 4120 expression
600 4057 696 4114 rappellc
714 4057 735 4100 le
753 4055 826 4098 hostia
862 4068 902 4099 nos
919 4055 1014 4102 Poe'sics
1026 4059 1165 4118 populaires
1179 4062 1283 4119 latinas,
1308 4078 1332 4122 p.
1353 4074 1401 4117 ΗΒ.

288 4133 344 4191 equi
361 4141 404 4185 qne
416 4139 473 4172 nous
485 4136 554 4169 avons
573 4121 613 4165 tait
629 4129 761 4173 remarquer
771 4118 826 4161 dans
887 4118 916 4172 (Ξ)
930 4118 948 4160 ΙΙ
960 4132 974 4173 y
985 4133 996 4164 a
1008 4134 1060 4166 sans
1069 4124 1135 4167 doute
1144 4123 1202 4170 deur
1215 4139 1265 4173 vers
1276 4128 1371 4177 austres.
