3146 5192
551 521 714 576 -139-

315 648 447 709 termam
458 647 560 706 bonae
574 642 657 705 vitae
672 643 822 721 praebent
836 666 844 717 ς

314 749 372 813 Sed
385 765 441 828 per
453 762 569 827 pravus
583 763 659 808 suos
672 762 793 822 meree,

314 857 429 918 multos
443 854 566 916 ducunt
579 852 612 914 in
625 869 759 914 errores.

353 964 460 1024 Canen
473 961 583 1039 regula
596 961 739 1038 notatur,

316 1064 388 1128 hine
401 1064 574 1128 eanonicus
586 1063 736 1144 gignatur
748 1090 756 1141 3

316 1174 359 1233 Eo
371 1169 474 1251 quod,
489 1170 549 1232 sub
563 1166 700 1247 regulari

315 1273 389 1355 vita,
404 1273 521 1336 debent
537 1271 682 1335 famulari

315 1381 390 1440 Cum
403 1376 573 1439 devotione
586 1378 651 1437 Dee
664 1401 672 1434 ι

316 1481 373 1561 ipsi
387 1484 501 1543 aurant
514 1478 557 1542 nil
571 1478 612 1541 de
626 1494 683 1557 θος

317 1586 375 1650 Sed
388 1582 537 1647 libentius
550 1582 591 1644 ad
603 1582 709 1644 ferum

317 1693 460 1771 currunt,
472 1705 569 1769 quam
582 1688 786 1767 frequentant
799 1686 944 1749 cherum.

318 1799 424 1860 Vestes
437 1793 588 1858 militares
601 1795 776 1873 quaerunt,

318 1900 395 1964 nihil
405 1917 502 1980 quarn
515 1898 677 1960 mundana
690 1898 814 1975 ferunt3

318 2010 399 2068 itare
413 2001 597 2082 impertiunt
611 2000 715 2080 dignis

319 2128 392 2174 suas
402 2126 494 2190 opes,
508 2107 566 2169 sed
577 2105 735 2186 malignis.

318 2212 476 2293 Quidquid
490 2210 536 2273 eis
550 2212 746 2290 superesset,

319 2323 381 2384 hoa
392 2339 449 2401 pro
462 2324 527 2383 Deo
542 2319 683 2381 dandum
694 2316 778 2378 esset
789 2340 797 2393 3

319 2421 411 2485 Modo
425 2422 545 2483 habent
555 2422 621 2481 tarn
635 2431 766 2480 avarum

320 2544 386 2607 eor,
403 2525 489 2607 quod
501 2523 581 2587 ninii
591 2524 669 2586 dant
680 2523 729 2584 vel
742 2537 865 2601 parum.

360 2632 438 2692 ltem
450 2627 504 2709 qui
518 2627 552 2689 in
566 2624 712 2689 claustris
725 2623 866 2702 degunt,

318 2736 412 2815 juxta
423 2749 568 2796 normam
581 2748 616 2793 se
630 2747 696 2792 non
708 2729 840 2806 regunt,

322 2842 422 2913 Quam
436 2839 541 2915 patres
550 2833 757 2896 instituerunt
769 2857 777 2910 3

323 2940 378 3002 sed
391 2955 474 3020 quae
487 2936 584 3002 vetita
598 2939 674 2999 sunt
686 2937 855 3015 quaerunt.

323 3041 431 3102 Vestes
443 3039 590 3101 deserunt
601 3036 802 3113 claustrales,

325 3144 428 3206 sedin
439 3146 546 3206 mente
558 3159 625 3205 nen
638 3144 714 3204 sunt
727 3141 805 3202 tales
816 3166 825 3215 ·,

325 3253 464 3329 Namque
476 3249 537 3310 sub
550 3245 697 3328 religiosa
773 3288 777 3297 ·

324 3356 412 3417 veste
422 3355 499 3416 latet
512 3369 602 3414 mens
616 3352 736 3414 dolosa.

327 3458 437 3539 Binda,
452 3457 523 3520 lites
536 3458 569 3518 et
585 3469 734 3518 rancores

326 3563 445 3625 habent
456 3562 539 3625 inter
552 3578 587 3623 se
599 3562 736 3641 majores

326 3667 469 3732 Monaehi
483 3669 515 3730 et
527 3664 700 3742 moniales,

326 3795 422 3858 quarn
438 3788 592 3854 personae
605 3767 792 3831 mundiales.

327 3882 385 3958 Qui
398 3880 466 3945 vult
479 3879 614 3941 Satanae
627 3872 761 3949 servire,

328 3989 502 4052 claustrum
513 3984 607 4047 debet
620 3979 761 4043 introire.

327 4093 397 4158 Mali
412 4094 534 4173 cogunt
546 4089 588 4153 ihi
603 4091 720 4162 bonus,

328 4202 363 4261 ut
377 4200 507 4262 cantent
519 4213 629 4259 eurum
643 4198 747 4256 tonus.
