3160 5196
605 516 767 573 -t‘ro-

276 643 336 701 Nec
349 640 501 703 naturalis
516 658 593 729 usus
606 642 759 721 pariendo
771 642 888 722 jugalis
901 646 963 724 (1),

270 746 345 822 Spes
358 760 428 805 mea
443 744 594 826 causalis3
610 745 772 808 mediatris
785 747 818 819 (l.
832 746 1011 828 mediatrix)
1026 750 1092 811 sola
1107 749 1242 831 vocalis,

273 850 400 909 Munere
413 848 543 926 pluralis
555 850 706 929 largaque
719 867 817 913 manu
828 849 978 931 venialis3

272 954 377 1016 Hostia
394 954 675 1036 paschaliS,·cujus
688 954 748 1018 suit
760 955 825 1017 alta
839 957 898 1017 sub
911 955 970 1018 alis

272 1059 375 1122 Gloria
389 1059 508 1141 vitalis,
524 1060 657 1124 salvatio
669 1060 857 1142 spiritualis,

271 1167 312 1227 Os
323 1166 519 1230 medicinalis
530 1193 539 1248 3
552 1167 690 1248 placatio
704 1166 904 1247 subsidialis,

271 1271 386 1334 Montio
401 1273 539 1354 festalis,
555 1274 698 1354 operaria
713 1273 917 1355 prodigialis,

270 1381 385 1440 Dextra
399 1379 551 1443 maritalis
564 1398 661 1462 quam
674 1399 740 1466 non
754 1380 859 1461 tetigit
870 1379 1011 1463 socialis,

270 1487 330 1549 Sed
344 1504 447 1566 neque
462 1487 568 1552 rivalis
579 1507 614 1552 se
627 1488 754 1552 miscuit
767 1487 909 1551 officialis

269 1592 331 1668 (Sic
345 1593 531 1658 immortalis
545 1595 606 1657 fuit
619 1594 703 1659 actio
716 1594 888 1676 spiritualis

269 1701 420 1779 Nullaque
435 1701 570 1765 camelis
583 1702 763 1782 corruptio,
780 1702 873 1765 foeda
887 1701 1032 1783 sodalis),

269 1807 351 1888 Flos,
366 1825 438 1870 rosa
449 1809 597 1890 vernalis,
615 1809 647 1871 in
661 1811 766 1873 fructu
779 1812 986 1892 perpetualis,

269 1916 364 1994 Cujus
379 1915 459 1978 odor
470 1917 577 1980 suavis
588 1916 671 1979 vitiis
687 1921 736 1980 est
749 1917 907 2001 exitialis,

269 2024 362 2085 Stella
377 2022 549 2106 diurnalis,
569 2024 746 2089 reverentia
760 2026 971 2106 catholicalis,

268 2130 422 2193 Mentibus
434 2132 582 2195 humanis
594 2150 660 2196 non
675 2137 723 2195 est
735 2134 806 2196 laus
819 2136 912 2215 cujus
923 2133 1045 2214 inanis,

269 2240 356 2299 llons
368 2241 404 2316 (l)
417 2238 580 2301 rationalis
593 2242 626 2301 et
637 2240 750 2302 Christi
765 2240 953 2303 collateralis
964 2267 972 2322 3

268 2344 341 2405 Plus
353 2362 450 2425 quam
463 2344 589 2426 regalis,
605 2345 757 2425 quianon
771 2345 832 2409 erit
844 2347 943 2408 altera
955 2347 1044 2431 talis,

269 2456 330 2513 Nec
344 2451 403 2513 luit
414 2452 570 2534 aequalis,
586 2455 651 2515 tam
665 2452 755 2516 fortis
769 2455 801 2516 et
813 2452 1004 2535 imperialis,

269 2560 366 2619 Mater
379 2575 478 2619 ovans
492 2556 588 2639 regis,
602 2556 636 2621 in
646 2561 737 2639 cujus
752 2558 871 2622 lumine
886 2558 993 2639 degiS,

269 2664 326 2738 Qui
337 2665 392 2726 dat
403 2658 434 2726 in
446 2683 522 2727 aure
533 2664 638 2745 gregis
651 2664 776 2728 divinae
788 2662 1044 2748 dogmata'legis3

267 2769 396 2849 Nobilis,
409 2769 552 2851 insignis,
564 2771 787 2852 memorabilis,
801 2772 932 2853 inclyta,
944 2772 1043 2851 mitis,

268 2880 413 2958 Strenua,
428 2877 569 2940 sublimis
581 2881 614 2940 et
626 2881 693 2941 tota
705 2883 852 2959 potenter
864 2879 992 2959 herilis,

266 2988 340 3046 Jure
354 2986 463 3047 cluens
477 2986 578 3066 prole,
592 2984 718 3064 pariens
732 2988 839 3047 tamen
853 2986 973 3064 absque
987 2986 1117 3067 dolore,

267 3090 461 3171 splendidior
473 3093 539 3155 sole
548 3117 564 3173 3,
573 3090 701 3154 coelesti
714 3093 807 3172 plena
820 3091 952 3172 decore,
994 3132 996 3137 -

264 3201 326 3261 Fac
339 3200 407 3260 fore
422 3215 473 3261 me
481 3202 555 3278 jure
569 3198 637 3261 sine
651 3198 715 3261 line
729 3200 803 3261 tuae
818 3198 1005 3278 geniturae!

118 3334 207 3394 Cette
217 3331 335 3411 hymne
349 3333 399 3393 est
411 3330 522 3412 suivie,
539 3329 618 3392 dans
630 3331 660 3392 le
672 3329 859 3408 manuscrit,
874 3329 950 3391 d'un
966 3332 1057 3391 autre
1071 3336 1183 3409 potme
1198 3329 1238 3392 de

118 3437 358 3520 quatre-vingts
378 3455 464 3518 vers,
489 3436 507 3500 a
529 3439 560 3499 la
583 3438 721 3517 louange
744 3438 784 3500 de
806 3438 836 3499 la
858 3434 960 3498 Sainte
972 3435 1100 3516 vierge,
1117 3435 1196 3498 dont
1209 3436 1238 3497 le

119 3548 270 3628 rhythmo
285 3546 365 3608 n’est
383 3563 440 3625 pas
460 3544 564 3608 moins
577 3544 750 3607 recherche
766 3572 773 3607 :
790 3560 913 3607 comme
927 3543 948 3604 il
963 3541 1079 3605 n’offre
1091 3541 1238 3605 d’interet

121 3653 279 3716 d’aucune
293 3649 403 3732 espece
417 3654 449 3713 et
461 3669 523 3732 que
535 3652 566 3713 le
583 3669 658 3715 nom
672 3652 711 3714 de
723 3653 859 3714 l’auteur
869 3652 922 3731 n’y
935 3654 984 3712 est
996 3668 1052 3730 pas
1068 3649 1237 3729 expresse-

124 3763 212 3822 ment
226 3759 373 3839 indique,
389 3776 471 3820 nous
485 3776 567 3821 nous
579 3757 788 3821 borneronsa
804 3777 844 3821 en
858 3758 981 3837 publier
994 3758 1023 3820 le
1035 3773 1237 3820 commence-

124 3871 212 3929 ment
225 3896 232 3927 ε
695 3920 698 3925 ,

242 3977 345 4034 Pauca
360 3970 446 4052 loqui
461 3970 571 4052 cupio,
587 3970 747 4033 laudando
762 3970 815 4031 Dei
831 3969 1038 4050 genitricem,

149 4157 179 4210 (l)
203 4155 260 4199 Sans
282 4155 349 4199 doute
373 4167 428 4211 pour
451 4154 509 4210 jope
528 4152 665 4197 submisso.-
700 4155 720 4197 la
742 4152 842 4197 nouvelle
863 4140 944 4197 edition
965 4153 993 4197 de
1013 4153 1043 4196 du
1066 4151 1157 4206 Gangem
1182 4149 1239 4193 mais

122 4224 180 4261 cette
197 4217 366 4271 interprdtation
379 4229 407 4260 nc
421 4229 445 4260 se
458 4224 535 4259 trouve
555 4227 595 4271 pas
609 4216 665 4259 dans
700 4216 782 4272 Papias
794 4215 865 4259 donne
876 4216 934 4272 jope
944 4218 1008 4272 opta.
