3160 5196
793 512 834 523 -
848 478 958 541 lta-

509 570 600 675 cceln
613 612 706 677 simul
720 619 753 678 et
766 619 851 682 terra
866 620 1014 703 condito,

509 716 549 779 de
560 717 668 783 divino
676 722 744 802 jam
755 725 863 804 prodit
878 727 997 791 animo.

567 857 696 920 Caelum
708 876 786 923 mcx
798 861 993 943 spiritulibus

567 960 750 1028 redimitum
761 969 810 1029 est
822 967 945 1033 civibus
956 997 964 1052 3

507 1065 587 1130 baec
600 1072 764 1135 auctorem
777 1090 873 1137 suum
885 1076 1050 1141 laudantia

506 1174 663 1240 matutina
677 1181 752 1242 sunt
764 1179 817 1244 illa
830 1180 946 1247 sidera.

565 1311 670 1374 Tellus
683 1312 803 1396 inams,
818 1333 940 1399 vacua,

566 1418 686 1482 latebat
703 1421 794 1502 aquis
804 1422 928 1506 nbsita3

506 1524 567 1587 bac
578 1527 705 1604 (bancl)
717 1529 815 1593 facies
825 1532 975 1612 profundi
989 1534 1125 1615 gangitis

505 1630 664 1712 caligabat
676 1635 824 1700 obductis
837 1640 987 1704 tenebris.

562 1769 651 1846 Aqua
664 1767 698 1843 (l.
712 1771 845 1849 Aquam)
859 1772 986 1855 lovena,
1001 1773 1145 1841 vivificus

561 1876 629 1954 jam
641 1875 846 1942 incumbebat
856 1881 1003 1964 spiritua,

505 1983 541 2043 ut
553 1980 629 2045 bine
640 2000 742 2064 aquae
752 1987 819 2064 jam
832 1990 910 2053 tunc
922 1990 1128 2072 conciperent

505 2089 590 2151 unde
599 2092 721 2169 prolem
734 2110 821 2157 nunc
832 2112 957 2159 sacram
969 2101 1130 2178 parerent.

562 2223 670 2286 Mundi
683 2243 812 2307 quoque
824 2229 998 2321 primordia
1010 2235 1054 2313 (1)

562 2330 643 2393 lueis
655 2336 830 2398 venustans
843 2336 963 2420 gratia,

503 2433 586 2498 dixit
598 2441 702 2500 Dens:
720 2439 766 2503 Sit
778 2440 854 2505 lux!
870 2446 904 2505 et
916 2446 1001 2509 sacta
1013 2450 1079 2529 est,

503 2557 521 2601 a
537 2543 675 2606 tenebris
687 2543 763 2609 inde
777 2547 878 2612 divisa
891 2554 954 2615 est.

562 2675 609 2738 sit
621 2694 733 2758 perpes
746 2683 811 2744 Deo
825 2682 944 2766 gloria,
958 2687 1020 2748 etc.

839 2926 889 2987 IV.

561 3106 597 3164 ln
610 3106 761 3168 coeterna
774 3106 927 3171 bonanus

563 3211 660 3274 verbu
675 3210 756 3274 dixit
769 3212 941 3278 altissimus
956 3244 965 3278 2

501 3317 748 3381 Firmamentum
761 3318 803 3381 sit
814 3319 1037 3402 interpositum
1067 3318 1070 3325 '

502 3428 539 3487 ut
552 3424 672 3491 dividat
682 3444 838 3507 aquamm
850 3428 1004 3493 medium.

560 3559 684 3623 Dictum
697 3560 833 3625 effectus
846 3564 1000 3645 sequitur,

559 3668 692 3748 abyssus
704 3668 923 3753 interciditur3
1051 3702 1054 3709 ¹
1167 3676 1170 3683 ’

496 3774 677 3853 jacentibus
690 3775 781 3857 aquis
793 3777 941 3864 inferius,

497 3881 738 3960 suspenduntur
748 3902 850 3964 aquae
859 3887 1015 3968 superius.
1066 3911 1068 3917 ·

332 4154 360 4211 (l)
374 4157 392 4201 ll
403 4169 416 4211 p
429 4169 441 4201 n
457 4157 513 4204 dana
523 4163 586 4204 notra
600 4159 665 4217 cepta
678 4158 707 4205 ln
718 4161 804 4208 munda·
816 4150 858 4221 ἡ·
871 4164 989 4221 pantena
1002 4166 1117 4226 quaeque.
