3146 5192
737 442 740 453 =
797 411 957 466 —leo-

462 532 586 594 Nullum
600 533 789 615 corripiunt,
807 534 966 615 castigant
978 535 1155 617 neminem,

462 639 645 720 nullumque
657 644 832 720 provocent
844 641 886 703 od
898 639 1135 721 poenitentiam.

463 745 473 770 ·
499 750 558 807 Per
571 745 732 809 usurarios
744 751 809 810 lieo
821 746 971 827 odibiles,

460 852 549 913 loono
560 851 714 931 pecuniae
726 852 937 933 insatiabiles,

460 956 552 1019 Fiunt
565 957 597 1021 in
611 959 739 1023 soeculo
751 958 891 1024 maxims
904 958 1055 1041 orimins3

458 1079 514 1141 per
524 1061 594 1126 illos
606 1065 731 1144 plurimi
742 1068 880 1147 pergunt
891 1065 933 1130 ed
945 1069 1085 1131 lentem

459 1169 505 1230 Ob
517 1170 708 1235 desiderium
720 1189 798 1236 sune
810 1171 965 1252 pecuniae

457 1291 553 1354 qoem
566 1293 689 1357 semper
699 1277 811 1343 sitiunt
823 1277 929 1345 usuris
942 1296 1103 1359 creseere,

457 1381 639 1461 Expoliotee
652 1385 728 1446 sunt
737 1385 845 1464 plures
856 1385 1026 1467 eeclesiam

456 1485 498 1548 ad
510 1504 716 1569 quoscunque
727 1491 834 1555 valent
845 1491 879 1566 (1.
890 1493 1002 1557 volunt
1010 1494 1033 1561 1)
1044 1509 1158 1557 monus
1172 1493 1344 1572 imponere.

455 1592 546 1673 Rapti
560 1597 635 1657 sunt
648 1594 761 1660 colicos
775 1599 809 1659 et
819 1614 931 1662 oruoes
944 1597 1100 1680 optimae,

455 1700 597 1782 tentique
610 1702 714 1783 aurei,
735 1706 768 1766 et
780 1704 885 1768 bonae
896 1705 1042 1787 tabulam

455 1807 553 1871 Simul
567 1809 690 1872 ablotee
702 1811 779 1873 sunt
790 1810 954 1892 paenae,
974 1810 1089 1892 pellis,

457 1913 547 1977 albae
558 1916 592 1976 et
603 1917 728 1995 tapete,
741 1915 857 1996 stolae,
873 1916 1010 1981 dorsalis
1022 1918 1076 1997 (1).

457 2019 501 2082 llli
521 2020 697 2103 maledieti,
718 2025 871 2103 tanquam
887 2023 1072 2105 hydropici,

457 2145 573 2191 munos
586 2128 730 2199 sitientes
741 2131 887 2194 conterre
898 2130 1039 2210 muneri,

456 2236 619 2299 Nullorum
631 2253 806 2316 pauperum
819 2238 951 2316 parcent
963 2235 1096 2318 inopiis,

456 2339 510 2421 qui
523 2344 658 2422 parcunt
671 2340 800 2407 minime
814 2340 933 2405 sanetis
944 2341 1095 2406 eeclesiis.

456 2451 514 2510 Per
527 2447 597 2511 illos
610 2451 679 2511 orte
691 2451 766 2510 sunt
779 2449 960 2527 frequenter
972 2446 1064 2528 odia,

459 2555 556 2634 etque
567 2553 763 2634 frequentius
775 2553 845 2618 lites
858 2556 891 2619 et
903 2553 1038 2635 praelim

458 2664 516 2727 Per
528 2661 588 2724 llos
599 2659 784 2725 multotiens
794 2660 831 2725 ot
842 2659 1066 2743 homicidium,

457 2770 491 2831 et
502 2766 761 2849 memnonides,
771 2768 870 2849 litque
882 2768 1067 2849 periurium.

458 2875 494 2938 Hi
508 2875 587 2937 tales
600 2874 761 2956 homines,
775 2874 856 2939 servi
868 2874 1037 2958 pecuniae,

459 2980 581 3045 Domini
595 2982 669 3046 facti
681 2985 756 3045 sunt
765 2999 902 3062 magnae
912 2983 1092 3062 provinciae
1104 3011 1114 3066 3

458 3089 494 3152 lli
508 3108 566 3170 pro
576 3090 657 3154 velle
667 3107 727 3153 suo
739 3089 903 3170 possident
914 3093 1090 3173 saeculum,

459 3213 657 3276 egenumque
671 3194 729 3258 sibi
743 3196 917 3275 subjugant
927 3198 1089 3277 populum.

459 3303 512 3365 llis
523 3320 632 3383 reges,
651 3300 807 3382 principes
819 3319 875 3384 per
887 3319 982 3365 omne
993 3306 1155 3371 saeoumm

460 3426 555 3489 super
564 3407 781 3489 pauperrimos
792 3408 944 3486 praebent
957 3409 1133 3475 dominium
1146 3430 1164 3495 ‚·

461 3516 533 3583 illos
546 3515 790 3594 amplectuntur,
810 3510 880 3575 illos
894 3515 1119 3599 magnificent,

460 3624 493 3683 et
504 3620 737 3698 venerenturss.
747 3624 911 3700 venerant)
922 3638 977 3685 eos
987 3623 1078 3704 quasi
1093 3627 1282 3705 pertineant.

348 3840 377 3895 (1)
391 3836 422 3885 Ge
439 3841 485 3881 mot
497 3835 644 3891 n'oppartienl
661 3828 703 3890 p'es
717 3833 731 3878 t
746 3833 768 3878 le
786 3835 859 3880 bonne
893 3837 1045 3891 l.l‚ell.1ll,
1061 3852 1109 3896 por.
1128 3847 1161 3888 ss.
1182 3844 1228 3888 Por
1243 3857 1287 3890 noe
1305 3848 1433 3903 corruption

322 3900 422 3954 htioitl,
437 3898 493 3944 meis
505 3896 652 3954 l’explloelion
671 3894 699 3941 de
714 3895 815 3941 lloreodi
830 3908 859 3943 no
893 3897 1007 3954 frequente
1019 3912 1049 3946 on
1059 3902 1125 3947 (111111
1138 3904 1199 3949 aussi
1212 3905 1320 3962 venale,
1332 3914 1355 3953 ot
1366 3906 1435 3954 Domi

323 3962 449 4007 latuerim
465 3960 479 4006 t
497 3959 581 4004 desines
595 3970 635 4003 sur
647 3969 672 4002 se
691 3956 836 4014 signification
850 3969 858 4002 z
893 3972 907 4005 o
922 3965 1029 4008 oooservt
1046 3964 1067 4008 ln
1078 3969 1150 4010 mtmo
1163 3966 1310 4022 signification
1321 3981 1350 4015 en
1363 3982 1432 4026 ospa-

323 4023 424 4069 llorselis
434 4026 488 4067 sunt
502 4020 569 4079 panni
588 4020 610 4065 in
626 4019 694 4065 ollem
709 4018 828 4074 pendentes
843 4030 857 4063 e
892 4023 949 4078 gnoi.

323 4087 388 4130 dorso
400 4083 544 4132 elericorum:
556 4078 679 4126 nullosne
690 4079 773 4124 divisi
779 4080 858 4136 officii,
