3112 5194
582 530 746 586 —329—

207 653 269 713 Nos
285 651 379 713 simul
393 652 512 732 absque
524 654 615 717 malis
628 655 764 718 sociaret
777 656 870 719 taeda
880 658 1017 740 jugalis,

208 754 363 818 Tristitiae
374 758 473 821 moles
486 759 637 838 parienda
650 761 728 823 mihi
742 763 824 823 mala
838 764 942 842 proles

208 863 317 925 Editur
330 863 364 926 in
377 863 511 947 somnis,
526 884 589 946 qua
603 866 790 947 disperiture
808 867 849 930 sit
860 872 963 931 omnis

208 969 260 1032 Vis
273 972 402 1033 nostrae
416 971 538 1054 gentis3
553 976 609 1035 aut
620 974 711 1036 fallor
724 973 861 1053 imagine
871 977 987 1038 mentis

208 1076 271 1136 Aut
283 1075 402 1141 soumis
414 1077 520 1160 vanis,
535 1082 591 1141 aut
604 1079 722 1142 fallitur
733 1081 823 1144 alvus
834 1081 947 1145 inanis.
965 1105 981 1140 o
1000 1124 1002 1127 -

208 1182 321 1245 Ruben
332 1182 484 1265 miratur,
500 1184 590 1247 timet
601 1185 796 1265 interiusque
810 1190 976 1269 gravatur,

208 1289 368 1353 Attonitus
381 1308 476 1371 super
489 1291 632 1372 hisquae
645 1292 754 1373 lingua
767 1296 876 1355 monet
887 1292 1045 1375 mulieris3

210 1394 335 1475 lnquit:
351 1419 367 1455 ι(
381 1396 507 1476 Digesta
521 1414 577 1477 per
588 1400 620 1459 te
633 1397 710 1460 mihi
724 1400 799 1460 sunt
811 1398 977 1461 inhonesta

210 1506 274 1565 Nec
288 1503 347 1566 tari
361 1503 476 1586 digna,
492 1522 565 1567 cum
578 1505 643 1568 sint
654 1508 800 1585 portenta
813 1506 962 1585 maligna.

210 1609 298 1675 Saevi
312 1628 456 1673 rumores
469 1612 656 1691 perturbant
669 1610 809 1692 undique
822 1629 946 1692 mores,

210 1719 248 1780 nt
260 1720 383 1779 mentes
395 1718 484 1797 pleve
496 1719 529 1797 (l.
544 1718 656 1798 plenae
663 1714 688 1793 t)
698 1718 828 1780 stabunt
840 1717 1008 1781 tormidine
1021 1737 1144 1798 poenae

211 1826 373 1905 Verbaque
386 1825 556 1887 credentur
569 1824 708 1915 vincum
721 1823 864 1886 miranda
877 1824 1036 1889 videntur.

212 1931 321 1993 Nescio
334 1948 399 2011 quo
412 1929 546 2012 raperis,
561 1932 611 1994 vel
624 1948 688 2012 qna
701 1930 827 1994 levitate
843 1930 998 2013 moveris,

213 2038 288 2101 Mira
301 2037 380 2100 mihi
393 2038 486 2119 faris,
498 2039 641 2119 Phytone
651 2043 696 2114 (1)
709 2039 817 2100 furens
830 2037 970 2118 agitaris.
988 2060 1004 2095 i

250 2144 377 2208 Femina
391 2145 443 2209 oui
451 2149 560 2226 jurat:
577 2168 593 2205 «
608 2149 691 2207 Haec
704 2145 784 2208 visio
794 2162 869 2207 vera
881 2145 1015 2225 figurat,

212 2256 312 2327 Quam
325 2252 406 2315 miro
420 2269 509 2315 more
522 2251 587 2316 vidi
601 2251 703 2332 sopita
717 2268 840 2330 sopore.
858 2271 874 2308 n

212 2362 333 2421 Menses
344 2357 522 2439 praedixit,
537 2360 709 2438 partusque
723 2355 806 2418 diem
820 2355 879 2418 sihi
894 2355 992 2436 dixit3

213 2464 301 2527 Vitae
315 2480 493 2543 pressuram
506 2463 600 2526 simul
613 2462 726 2524 edocet
738 2477 806 2523 esse
820 2463 971 2524 futuram.

216 2574 315 2633 «Jam
329 2569 384 2632 tibi
396 2569 521 2632 detecto
532 2568 641 2632 videas
653 2568 716 2630 hoc
728 2567 839 2629 ordine
850 2570 937 2630 recto
951 2592 959 2646 ς

215 2676 273 2751 Qui
286 2675 383 2739 modo
393 2678 561 2755 nascetur,
575 2694 594 2737 a
608 2691 672 2755 quo
686 2674 741 2735 sax
754 2672 935 2752 egredietur

215 2781 323 2845 Totius
337 2781 480 2862 sceleris3
495 2798 577 2859 non,
593 2778 791 2859 examinate,
806 2778 939 2841 moreris

215 2890 332 2953 Mundo
343 2890 501 2971 prolatum
511 2890 663 2969 praetaxa
674 2888 705 2967 (l.
720 2887 892 2965 praetacta)
901 2889 1006 2948 morte
1015 2888 1157 2965 reatum,

215 3001 259 3058 Ne
272 3013 329 3076 per
342 2995 499 3057 sentinam
513 2993 581 3058 vitii
594 2996 738 3057 nostram
750 2991 949 3072 peregrinam

216 3103 336 3166 Efficiat
349 3105 477 3183 gentem
489 3101 616 3182 proprio
630 3103 689 3163 sub
700 3103 772 3180 jure
785 3099 939 3161 virentem
953 3127 961 3160 ι

216 3210 368 3273 Praevisis
381 3209 452 3271 telis
463 3208 502 3271 fis
513 3208 612 3271 tutior
626 3208 744 3286 absque
756 3204 901 3286 querelis.
919 3226 937 3261 u

255 3317 447 3377 Decurrente
460 3316 530 3378 rota
543 3312 665 3393 lunari,
678 3315 820 3391 tempora
833 3314 921 3373 mota

217 3425 284 3483 Jam
295 3421 475 3501 defluxere3
488 3436 694 3499 mensesque,
711 3417 777 3480 dies
793 3418 933 3497 rediere,
989 3500 992 3505 ,

218 3532 253 3588 tn
267 3527 382 3607 quibus
393 3526 541 3607 impletur
555 3529 665 3606 partus
678 3525 732 3606 qui
747 3528 853 3589 certus
865 3526 1009 3587 habetur.

151 3827 225 3883 (1)οη
249 3825 274 3870 iit
295 3826 418 3883 egaiemeut
437 3826 492 3872 dans
511 3827 532 3871 la
551 3823 656 3884 depende
693 3818 735 3870 ine
756 3827 864 3882 quelques
888 3831 965 3870 autres
989 3824 1100 3878 exemptos
1119 3823 1175 3867 daus
1198 3823 1229 3868 les

129 3891 206 3934 dorca:
221 3889 315 3945 Spiritu,
333 3903 373 3935 ceu
383 3895 446 3946 puto,
462 3889 581 3946 phytonico
590 3901 658 3945 rape-
693 3888 805 3932 derivatus
816 3889 846 3932 du
862 3898 941 3943 moyen
957 3889 998 3942 age
1012 3887 1087 3942 (vopei
1097 3886 1126 3928 du
1138 3883 1228 3940 Gange,

128 3952 166 4006 ris,
177 3956 198 3996 et
212 3956 271 3996 cette
285 3952 385 4007 analogio
396 3956 459 4007 porte
471 3951 484 3995 a
494 3952 565 3996 croire
579 3963 623 4006 que
636 3949 657 3994 le
694 3957 711 3996 t.
721 3951 747 4000 V,
763 3963 786 4006 p.
796 3956 843 4003 237,
858 3950 899 3994 cot.
911 3954 925 3992 5
936 3955 989 4003 etp.
999 3952 1052 3999 δῖε,
1068 3947 1109 3991 cot.
1121 3946 1155 4001 3),
1171 3945 1229 3989 mais

28 4052 29 4057 ,
129 4017 185 4068 poete
205 4026 218 4058 a
238 4014 300 4068 copie
321 4014 341 4058 te
360 4014 512 4058 sermonnaire
530 4028 536 4057 ε
556 4026 595 4059 car
614 4025 657 4056 non
693 4013 713 4057 te
731 4023 782 4056 sens
799 4018 834 4056 est
854 4011 939 4056 deveuu
958 4015 1006 4054 tout
1024 4009 1037 4053 t
1056 4009 1096 4052 tait
1109 4008 1228 4051 different:

130 4076 244 4120 sentement
269 4075 290 4119 ta
315 4075 385 4120 torme
408 4076 517 4120 ancienne
538 4074 656 4132 Pythone,
693 4075 708 4118 u
725 4086 754 4118 ne
772 4073 836 4129 s’agit
854 4073 903 4129 ptus
916 4073 943 4116 de
961 4071 1043 4127 t’esprit
1056 4071 1083 4114 de
1101 4068 1230 4126 prophetie,

127 4137 259 4193 intono,
284 4142 318 4182 est
338 4149 468 4193 corrompue
490 4149 530 4193 par
547 4137 569 4181 ta
586 4139 658 4180 memo
694 4136 750 4181 mais
763 4135 815 4179 d’un
829 4135 898 4192 esprit
911 4134 938 4178 de
948 4144 1067 4189 mensouge
1076 4139 1099 4178 et
1110 4131 1217 4176 d’erreur.

130 4200 278 4256 transposition
287 4200 317 4244 du
331 4211 360 4255 n,
374 4200 427 4244 dont
436 4212 464 4243 on
477 4204 554 4244 trouve
564 4198 577 4242 a
589 4198 609 4242 ia
621 4199 658 4241 rt-
