3146 5192
567 561 731 613 —107--

170 684 228 764 ira,
245 685 331 746 fraus
344 686 441 763 atque
453 681 587 763 cupido,
603 681 721 743 mixtae
736 684 921 765 supercilio⁷

168 805 254 849 meae
266 786 360 849 simul
372 787 557 850 habitarunt
568 786 684 848 mentis
699 786 732 848 in
746 787 894 866 bospitio.

167 922 285 983 Collum
298 920 357 982 sibi
372 918 555 999 subjugavit
567 918 696 980 effrenis
710 919 872 998 superbia,

166 1030 264 1089 totam
277 1030 419 1087 mentem
431 1024 593 1087 enervavit
607 1023 761 1086 discincta
773 1024 918 1105 luxuria,

165 1134 260 1209 atque
273 1147 389 1209 corpus
403 1128 565 1192 enervavit
582 1127 686 1192 carnis
700 1129 885 1208 petulentia.

164 1263 247 1333 Quot
260 1277 377 1322 arenae
392 1259 489 1322 maris
504 1277 634 1340 graves,
648 1262 696 1321 tot
710 1262 786 1321 sunt
796 1275 868 1321 mea
880 1259 1031 1340 crimina3

164 1382 300 1443 quorum
313 1366 398 1427 mole
411 1367 657 1445 praegravatus,
672 1364 840 1444 pertrahor
854 1365 895 1426 ad
907 1364 1033 1441 infima,
1138 1348 1144 1353 ¹

166 1469 196 1531 ni
210 1471 344 1533 reducat
356 1471 397 1532 ad
412 1488 499 1550 spem
513 1469 598 1534 vitae
612 1488 663 1533 me
677 1472 732 1532 tua
747 1470 924 1533 clementia.

165 1608 263 1683 Ergo,
278 1603 365 1664 salus
377 1604 409 1663 et
422 1604 584 1682 protector
595 1605 809 1683 moestorum,
826 1601 968 1664 Piissime

165 1708 215 1788 qui
230 1707 345 1770 dedisti
355 1724 486 1769 manum
499 1710 592 1769 Petro
603 1707 700 1769 maris
714 1707 745 1769 in
760 1706 961 1789 discrimine,

165 1830 184 1873 a
196 1811 336 1891 peccatis
349 1810 428 1873 meis
441 1811 490 1891 pie
502 1829 553 1874 me
567 1810 687 1874 munda
701 1815 734 1873 et
747 1809 896 1890 protege!

166 1944 208 2001 Tu
219 1958 254 2003 es
267 1945 367 2020 Deus,
383 1958 443 2020 ego
457 1940 592 2020 vermis,
607 1941 696 2020 quid,
712 1940 738 2002 si
752 1944 786 2001 tu
799 1940 965 2002 irasceris?

166 2045 205 2105 ed
219 2044 359 2108 tribunal
373 2048 594 2124 praesentatus
607 2061 682 2107 reus
696 2044 775 2105 tanti
788 2043 924 2125 judicis,

166 2149 241 2212 nihil
256 2168 331 2230 ero,
346 2149 424 2212 nibil
438 2167 583 2230 prorsus,
598 2148 658 2211 nisi
673 2152 709 2212 tu
723 2167 774 2211 me
784 2150 916 2230 juveris.

163 2280 240 2354 Quid
252 2285 318 2359 est,
334 2282 395 2345 boc
409 2281 496 2361 quod
509 2284 561 2360 tu,
576 2280 734 2360 Benigne,
750 2280 828 2341 dum
838 2281 1025 2359 figmentum
1038 2282 1184 2361 noveris5

165 2401 202 2446 ex
219 2385 343 2449 delictis
357 2389 553 2448 arescentem
564 2386 712 2464 stipulam
724 2385 944 2464 persequeris?

165 2490 189 2551 si
203 2491 244 2553 ad
255 2509 337 2572 opus
344 2491 520 2572 judicabis,
536 2491 712 2553 damnabor
725 2489 924 2569 cumimpiis.

165 2618 248 2681 Nosti
263 2618 339 2698 quia
353 2617 386 2681 in
400 2619 559 2681 internum
570 2618 656 2683 nulla
669 2619 718 2679 est
728 2615 924 2695 redemptio3

166 2723 244 2785 ben!
260 2723 466 2804 quemdum,
481 2742 577 2804 quam
591 2741 700 2787 severa
714 2721 778 2785 illio
791 2722 964 2800 habitatio,

164 2827 214 2889 ubi
229 2830 351 2909 luctus,
367 2829 420 2891 ubi
435 2830 526 2892 dolor
540 2832 589 2891 est
602 2830 721 2908 absque
735 2827 896 2891 remedio!

164 2960 238 3021 Nolo
248 2964 386 3023 mortem
399 2960 574 3040 peccatoris
587 2986 594 3041 3
610 2963 645 3023 tu
659 2959 785 3041 dixisti,
801 2958 952 3031 bomine3
1015 2932 1018 2945 ’

164 3066 218 3128 sed
230 3069 268 3128 ut
280 3066 382 3146 magis
394 3067 599 3129 convertatur
612 3065 638 3127 si
651 3068 782 3145 exoptat
795 3065 919 3144 vivere7

166 3169 247 3232 dicat
261 3171 405 3251 culpam,
420 3172 522 3249 ploret
535 3169 656 3233 scelus!
671 3173 798 3250 praesto
809 3187 880 3231 sum
893 3168 1065 3231 dimittere.

165 3301 245 3363 Velle
259 3304 351 3362 tunm
366 3318 436 3363 mea
451 3302 538 3363 salus
556 3303 604 3362 est
615 3304 647 3362 et
661 3299 821 3363 miseratio
837 3328 844 3361 ι

166 3407 235 3468 volo
247 3405 353 3487 dicas3
367 3405 447 3469 liber
458 3423 513 3468 ero
527 3408 560 3467 et
572 3406 753 3468 mundabor
767 3405 850 3468 illico
865 3433 872 3465 ι

166 3511 242 3574 baec
255 3529 327 3591 spes
339 3513 406 3574 sola
419 3511 497 3573 mibi
512 3515 611 3575 restat
622 3512 742 3591 absque
756 3511 821 3572 ullo
838 3507 943 3571 dubio.

167 3646 261 3722 Ergo,
277 3645 369 3704 Pater
382 3641 435 3721 qui
450 3642 580 3704 foetenti
599 3640 773 3705 subvenisti
788 3645 905 3701 Lazaro

168 3751 197 3809 et
208 3746 322 3810 latroni
336 3745 502 3826 pepercisti
517 3747 620 3809 crucis
633 3747 667 3809 in
680 3746 822 3826 patibulo
835 3792 843 3824 ,

169 3851 384 3916 condescende
395 3849 584 3931 supplicanti
598 3850 675 3914 mibi
690 3868 779 3912 more
790 3849 895 3911 solito.

168 3981 335 4045 criminum
347 3999 492 4045 meorum
506 3999 609 4044 nexus
623 3984 656 4043 tu
671 3983 818 4061 potenter
830 3977 962 4056 dissipa,

169 4085 316 4153 virtutum
328 4100 380 4150 me
393 4086 537 4150 claritate
552 4086 684 4150 feliciter
696 4086 824 4165 decora,

169 4193 201 4251 ut
215 4192 246 4253 in
258 4194 349 4255 coelo
363 4194 394 4253 te
407 4191 538 4253 laudare
550 4190 666 4269 dignus
680 4189 739 4252 sim
753 4205 808 4269 per
822 4182 972 4249 saecula!
