<?xml version="1.0" encoding="UTF-8"?>
<!DOCTYPE html PUBLIC "-//W3C//DTD XHTML 1.0 Transitional//EN"
    "http://www.w3.org/TR/xhtml1/DTD/xhtml1-transitional.dtd">
<html xmlns="http://www.w3.org/1999/xhtml" xml:lang="en" lang="en">
 <head>
  <title>
</title>
<meta http-equiv="Content-Type" content="text/html;charset=utf-8" />
  <meta name='ocr-system' content='tesseract 3.04.00' />
  <meta name='ocr-capabilities' content='ocr_page ocr_carea ocr_par ocr_line ocrx_word'/>
</head>
<body>
  <div class='ocr_page' id='page_1' title='image "./posiespopulaire04mrgoog_0291.png"; bbox 0 0 3118 5198; ppageno 0'>
   <div class='ocr_carea' id='block_1_1' title="bbox 629 474 789 528">
    <p class='ocr_par' dir='ltr' id='par_1_1' title="bbox 629 474 789 528">
     <span class='ocr_line' id='line_1_1' title="bbox 629 474 789 528; baseline 0.006 -1"><span class='ocrx_word' id='word_1_1' title='bbox 629 474 789 528; x_wconf 68' lang='lat'>-271—</span> 
     </span>
    </p>
   </div>
   <div class='ocr_carea' id='block_1_2' title="bbox 447 594 868 786">
    <p class='ocr_par' dir='ltr' id='par_1_2' title="bbox 447 594 868 786">
     <span class='ocr_line' id='line_1_2' title="bbox 447 594 833 681; baseline -0.018 -20"><span class='ocrx_word' id='word_1_2' title='bbox 447 603 480 661; x_wconf 92' lang='lat' dir='ltr'>et</span> <span class='ocrx_word' id='word_1_3' title='bbox 492 597 650 681; x_wconf 72' lang='lat' dir='ltr'>nequitiae</span> <span class='ocrx_word' id='word_1_4' title='bbox 663 594 833 663; x_wconf 68' lang='lat' dir='ltr'>vindicem,</span> 
     </span>
     <span class='ocr_line' id='line_1_3' title="bbox 447 700 868 786; baseline -0.021 -18"><span class='ocrx_word' id='word_1_5' title='bbox 447 706 500 786; x_wconf 91' lang='lat' dir='ltr'>qui</span> <span class='ocrx_word' id='word_1_6' title='bbox 515 705 618 785; x_wconf 88' lang='lat' dir='ltr'>impiis</span> <span class='ocrx_word' id='word_1_7' title='bbox 631 703 744 766; x_wconf 88' lang='lat' dir='ltr'>reddat</span> <span class='ocrx_word' id='word_1_8' title='bbox 757 700 868 763; x_wconf 82' lang='lat' dir='ltr'>vicem.</span> 
     </span>
    </p>
   </div>
   <div class='ocr_carea' id='block_1_3' title="bbox 443 836 872 1696">
    <p class='ocr_par' dir='ltr' id='par_1_3' title="bbox 443 836 872 1136">
     <span class='ocr_line' id='line_1_4' title="bbox 444 836 814 919; baseline -0.014 -16"><span class='ocrx_word' id='word_1_9' title='bbox 444 841 537 903; x_wconf 83' lang='lat' dir='ltr'>Venit</span> <span class='ocrx_word' id='word_1_10' title='bbox 550 840 649 919; x_wconf 90' lang='lat' dir='ltr'>igitur</span> <span class='ocrx_word' id='word_1_11' title='bbox 662 836 814 901; x_wconf 82' lang='lat' dir='ltr'>Fraueiae</span> 
     </span>
     <span class='ocr_line' id='line_1_5' title="bbox 445 942 872 1028; baseline -0.016 -18"><span class='ocrx_word' id='word_1_12' title='bbox 445 966 523 1028; x_wconf 81' lang='lat' dir='ltr'>rex,</span> <span class='ocrx_word' id='word_1_13' title='bbox 538 947 723 1027; x_wconf 86' lang='lat' dir='ltr'>provisurus</span> <span class='ocrx_word' id='word_1_14' title='bbox 735 942 872 1025; x_wconf 84' lang='lat' dir='ltr'>patriae,</span> 
     </span>
     <span class='ocr_line' id='line_1_6' title="bbox 443 1052 779 1136; baseline -0.009 -19"><span class='ocrx_word' id='word_1_15' title='bbox 443 1054 589 1118; x_wconf 82' lang='lat' dir='ltr'>inimicus</span> <span class='ocrx_word' id='word_1_16' title='bbox 602 1052 779 1136; x_wconf 84' lang='lat' dir='ltr'>nequitiae,</span> 
     </span>
    </p>

    <p class='ocr_par' dir='ltr' id='par_1_4' title="bbox 445 1161 769 1243">
     <span class='ocr_line' id='line_1_7' title="bbox 445 1161 769 1243; baseline -0.012 -17"><span class='ocrx_word' id='word_1_17' title='bbox 445 1168 478 1225; x_wconf 91' lang='lat' dir='ltr'>et</span> <span class='ocrx_word' id='word_1_18' title='bbox 488 1163 609 1226; x_wconf 88' lang='lat' dir='ltr'>amicus</span> <span class='ocrx_word' id='word_1_19' title='bbox 617 1161 769 1243; x_wconf 87' lang='lat' dir='ltr'>justitiae.</span> 
     </span>
    </p>

    <p class='ocr_par' dir='ltr' id='par_1_5' title="bbox 445 1296 854 1696">
     <span class='ocr_line' id='line_1_8' title="bbox 445 1296 821 1377; baseline -0.003 -18"><span class='ocrx_word' id='word_1_20' title='bbox 445 1297 506 1359; x_wconf 84' lang='lat' dir='ltr'>lnit</span> <span class='ocrx_word' id='word_1_21' title='bbox 520 1298 641 1377; x_wconf 78' lang='lat' dir='ltr'>grande</span> <span class='ocrx_word' id='word_1_22' title='bbox 655 1296 821 1359; x_wconf 82' lang='lat' dir='ltr'>eonsilium</span> 
     </span>
     <span class='ocr_line' id='line_1_9' title="bbox 445 1402 852 1483; baseline -0.005 -17"><span class='ocrx_word' id='word_1_23' title='bbox 445 1402 580 1483; x_wconf 82' lang='lat' dir='ltr'>qualiter</span> <span class='ocrx_word' id='word_1_24' title='bbox 592 1420 709 1483; x_wconf 83' lang='lat' dir='ltr'>agmen</span> <span class='ocrx_word' id='word_1_25' title='bbox 721 1402 852 1482; x_wconf 94' lang='lat' dir='ltr'>impium</span> 
     </span>
     <span class='ocr_line' id='line_1_10' title="bbox 445 1510 854 1591; baseline -0.002 -18"><span class='ocrx_word' id='word_1_26' title='bbox 445 1510 573 1591; x_wconf 78' lang='lat' dir='ltr'>puniet,</span> <span class='ocrx_word' id='word_1_27' title='bbox 588 1511 676 1590; x_wconf 91' lang='lat' dir='ltr'>quod</span> <span class='ocrx_word' id='word_1_28' title='bbox 690 1510 854 1574; x_wconf 88' lang='lat' dir='ltr'>dissidium</span> 
     </span>
     <span class='ocr_line' id='line_1_11' title="bbox 445 1616 817 1696; baseline -0.003 -18"><span class='ocrx_word' id='word_1_29' title='bbox 445 1617 519 1680; x_wconf 83' lang='lat' dir='ltr'>feeit</span> <span class='ocrx_word' id='word_1_30' title='bbox 532 1635 588 1696; x_wconf 88' lang='lat' dir='ltr'>per</span> <span class='ocrx_word' id='word_1_31' title='bbox 602 1616 817 1680; x_wconf 85' lang='lat' dir='ltr'>homicidium.</span> 
     </span>
    </p>
   </div>
   <div class='ocr_carea' id='block_1_4' title="bbox 444 1751 906 2153">
    <p class='ocr_par' dir='ltr' id='par_1_6' title="bbox 444 1751 906 2153">
     <span class='ocr_line' id='line_1_12' title="bbox 444 1751 896 1833; baseline 0.004 -19"><span class='ocrx_word' id='word_1_32' title='bbox 444 1756 521 1815; x_wconf 85' lang='lat' dir='ltr'>Cum</span> <span class='ocrx_word' id='word_1_33' title='bbox 534 1751 727 1832; x_wconf 83' lang='lat' dir='ltr'>principibus</span> <span class='ocrx_word' id='word_1_34' title='bbox 739 1752 896 1833; x_wconf 83' lang='lat' dir='ltr'>loquitur,</span> 
     </span>
     <span class='ocr_line' id='line_1_13' title="bbox 445 1859 878 1939; baseline 0 -18"><span class='ocrx_word' id='word_1_35' title='bbox 445 1859 484 1921; x_wconf 92' lang='lat' dir='ltr'>de</span> <span class='ocrx_word' id='word_1_36' title='bbox 498 1859 644 1922; x_wconf 84' lang='lat' dir='ltr'>nefandis</span> <span class='ocrx_word' id='word_1_37' title='bbox 657 1859 878 1939; x_wconf 70' lang='lat' dir='ltr'>conqueritur,</span> 
     </span>
     <span class='ocr_line' id='line_1_14' title="bbox 444 1965 812 2045; baseline 0.003 -18"><span class='ocrx_word' id='word_1_38' title='bbox 444 1965 611 2028; x_wconf 88' lang='lat' dir='ltr'>consilium</span> <span class='ocrx_word' id='word_1_39' title='bbox 623 1965 812 2045; x_wconf 83' lang='lat' dir='ltr'>revolvitur,</span> 
     </span>
     <span class='ocr_line' id='line_1_15' title="bbox 444 2072 906 2153; baseline -0.006 -19"><span class='ocrx_word' id='word_1_40' title='bbox 444 2090 557 2135; x_wconf 91' lang='lat' dir='ltr'>sanum</span> <span class='ocrx_word' id='word_1_41' title='bbox 569 2074 700 2136; x_wconf 91' lang='lat' dir='ltr'>tandem</span> <span class='ocrx_word' id='word_1_42' title='bbox 713 2072 906 2153; x_wconf 79' lang='lat' dir='ltr'>suggeritur.</span> 
     </span>
    </p>
   </div>
   <div class='ocr_carea' id='block_1_5' title="bbox 442 2206 926 2611">
    <p class='ocr_par' dir='ltr' id='par_1_7' title="bbox 442 2206 926 2611">
     <span class='ocr_line' id='line_1_16' title="bbox 444 2206 926 2287; baseline -0.002 -17"><span class='ocrx_word' id='word_1_43' title='bbox 444 2210 617 2271; x_wconf 90' lang='lat' dir='ltr'>Hortantur</span> <span class='ocrx_word' id='word_1_44' title='bbox 629 2211 769 2270; x_wconf 93' lang='lat' dir='ltr'>mentem</span> <span class='ocrx_word' id='word_1_45' title='bbox 787 2206 926 2287; x_wconf 72' lang='lat' dir='ltr'>regiam,</span> 
     </span>
     <span class='ocr_line' id='line_1_17' title="bbox 443 2315 886 2394; baseline -0.002 -17"><span class='ocrx_word' id='word_1_46' title='bbox 443 2319 480 2377; x_wconf 91' lang='lat' dir='ltr'>ut</span> <span class='ocrx_word' id='word_1_47' title='bbox 493 2318 633 2378; x_wconf 84' lang='lat' dir='ltr'>transeut</span> <span class='ocrx_word' id='word_1_48' title='bbox 643 2316 676 2378; x_wconf 93' lang='lat' dir='ltr'>in</span> <span class='ocrx_word' id='word_1_49' title='bbox 689 2315 886 2394; x_wconf 82' lang='lat' dir='ltr'>Flandn‘em,</span> 
     </span>
     <span class='ocr_line' id='line_1_18' title="bbox 442 2423 759 2502; baseline 0.003 -17"><span class='ocrx_word' id='word_1_50' title='bbox 442 2423 591 2502; x_wconf 90' lang='lat' dir='ltr'>punitura</span> <span class='ocrx_word' id='word_1_51' title='bbox 605 2423 759 2486; x_wconf 84' lang='lat' dir='ltr'>nefariam</span> 
     </span>
     <span class='ocr_line' id='line_1_19' title="bbox 443 2529 850 2611; baseline 0.002 -19"><span class='ocrx_word' id='word_1_52' title='bbox 443 2529 654 2593; x_wconf 79' lang='lat' dir='ltr'>nefandorum</span> <span class='ocrx_word' id='word_1_53' title='bbox 667 2531 850 2611; x_wconf 86' lang='lat' dir='ltr'>nequitiam.</span> 
     </span>
    </p>
   </div>
   <div class='ocr_carea' id='block_1_6' title="bbox 440 2664 1053 3063">
    <p class='ocr_par' dir='ltr' id='par_1_8' title="bbox 440 2664 846 2727">
     <span class='ocr_line' id='line_1_20' title="bbox 440 2664 846 2727; baseline 0.007 -3"><span class='ocrx_word' id='word_1_54' title='bbox 440 2667 508 2725; x_wconf 83' lang='lat' dir='ltr'>Rex</span> <span class='ocrx_word' id='word_1_55' title='bbox 522 2664 623 2725; x_wconf 86' lang='lat' dir='ltr'>fretus</span> <span class='ocrx_word' id='word_1_56' title='bbox 637 2665 699 2726; x_wconf 87' lang='lat' dir='ltr'>hoe</span> <span class='ocrx_word' id='word_1_57' title='bbox 713 2664 846 2727; x_wconf 85' lang='lat' dir='ltr'>oonsilio</span> 
     </span>
    </p>

    <p class='ocr_par' dir='ltr' id='par_1_9' title="bbox 441 2769 1053 2939">
     <span class='ocr_line' id='line_1_21' title="bbox 442 2769 1053 2857; baseline 0.01 -27"><span class='ocrx_word' id='word_1_58' title='bbox 442 2769 515 2832; x_wconf 85' lang='lat' dir='ltr'>illue</span> <span class='ocrx_word' id='word_1_59' title='bbox 528 2772 647 2857; x_wconf 86' lang='lat' dir='ltr'>etcum</span> <span class='ocrx_word' id='word_1_60' title='bbox 660 2771 815 2834; x_wconf 87' lang='lat' dir='ltr'>corsortio</span> <span class='ocrx_word' id='word_1_61' title='bbox 830 2773 861 2850; x_wconf 83' lang='grc' dir='ltr'>(Ι.</span> <span class='ocrx_word' id='word_1_62' title='bbox 882 2773 1053 2849; x_wconf 82' lang='lat' dir='ltr'>consortio)</span> 
     </span>
     <span class='ocr_line' id='line_1_22' title="bbox 441 2876 757 2939; baseline 0.003 -1"><span class='ocrx_word' id='word_1_63' title='bbox 441 2877 499 2938; x_wconf 88' lang='lat' dir='ltr'>hos</span> <span class='ocrx_word' id='word_1_64' title='bbox 513 2876 647 2939; x_wconf 85' lang='lat' dir='ltr'>daturus</span> <span class='ocrx_word' id='word_1_65' title='bbox 658 2876 757 2939; x_wconf 80' lang='lat' dir='ltr'>exitio</span> 
     </span>
    </p>

    <p class='ocr_par' dir='ltr' id='par_1_10' title="bbox 441 2983 753 3063">
     <span class='ocr_line' id='line_1_23' title="bbox 441 2983 753 3063; baseline 0.006 -19"><span class='ocrx_word' id='word_1_66' title='bbox 441 3000 536 3062; x_wconf 93' lang='lat' dir='ltr'>opere</span> <span class='ocrx_word' id='word_1_67' title='bbox 548 3002 606 3063; x_wconf 94' lang='lat' dir='ltr'>pro</span> <span class='ocrx_word' id='word_1_68' title='bbox 620 2983 753 3046; x_wconf 84' lang='lat' dir='ltr'>nefario.</span> 
     </span>
    </p>
   </div>
   <div class='ocr_carea' id='block_1_7' title="bbox 1061 2822 1069 2855">
    <p class='ocr_par' dir='ltr' id='par_1_11' title="bbox 1061 2822 1069 2855">
     <span class='ocr_line' id='line_1_24' title="bbox 1061 2822 1069 2855; baseline 0 0"><span class='ocrx_word' id='word_1_69' title='bbox 1061 2822 1069 2855; x_wconf 76' lang='lat' dir='ltr'>t</span> 
     </span>
    </p>
   </div>
   <div class='ocr_carea' id='block_1_8' title="bbox 441 3116 786 3180">
    <p class='ocr_par' dir='ltr' id='par_1_12' title="bbox 441 3116 786 3180">
     <span class='ocr_line' id='line_1_25' title="bbox 441 3116 786 3180; baseline -0.003 -1"><span class='ocrx_word' id='word_1_70' title='bbox 441 3121 506 3179; x_wconf 90' lang='lat' dir='ltr'>Hoo</span> <span class='ocrx_word' id='word_1_71' title='bbox 518 3116 684 3180; x_wconf 88' lang='lat' dir='ltr'>audientes</span> <span class='ocrx_word' id='word_1_72' title='bbox 698 3118 786 3179; x_wconf 86' lang='lat' dir='ltr'>noxii</span> 
     </span>
    </p>
   </div>
   <div class='ocr_carea' id='block_1_9' title="bbox 338 3223 700 3304">
    <p class='ocr_par' dir='ltr' id='par_1_13' title="bbox 338 3223 700 3304">
     <span class='ocr_line' id='line_1_26' title="bbox 338 3223 700 3304; baseline 0.003 -20"><span class='ocrx_word' id='word_1_73' title='bbox 338 3263 342 3269; x_wconf 90' lang='lat'><em>-</em></span> <span class='ocrx_word' id='word_1_74' title='bbox 441 3223 616 3303; x_wconf 85' lang='lat' dir='ltr'>iniquitatis</span> <span class='ocrx_word' id='word_1_75' title='bbox 628 3224 700 3304; x_wconf 86' lang='lat' dir='ltr'>filii,</span> 
     </span>
    </p>
   </div>
   <div class='ocr_carea' id='block_1_10' title="bbox 440 3332 857 3518">
    <p class='ocr_par' dir='ltr' id='par_1_14' title="bbox 440 3332 857 3518">
     <span class='ocr_line' id='line_1_27' title="bbox 440 3332 857 3412; baseline 0.007 -20"><span class='ocrx_word' id='word_1_76' title='bbox 440 3335 598 3411; x_wconf 90' lang='lat' dir='ltr'>quaerunt</span> <span class='ocrx_word' id='word_1_77' title='bbox 608 3333 715 3394; x_wconf 89' lang='lat' dir='ltr'>loeum</span> <span class='ocrx_word' id='word_1_78' title='bbox 726 3332 857 3412; x_wconf 79' lang='lat' dir='ltr'>refugii,</span> 
     </span>
     <span class='ocr_line' id='line_1_28' title="bbox 441 3437 812 3518; baseline -0.003 -18"><span class='ocrx_word' id='word_1_79' title='bbox 441 3437 504 3500; x_wconf 88' lang='lat' dir='ltr'>vim</span> <span class='ocrx_word' id='word_1_80' title='bbox 516 3438 665 3501; x_wconf 85' lang='lat' dir='ltr'>timentes</span> <span class='ocrx_word' id='word_1_81' title='bbox 678 3438 812 3518; x_wconf 90' lang='lat' dir='ltr'>imperii.</span> 
     </span>
    </p>
   </div>
   <div class='ocr_carea' id='block_1_11' title="bbox 440 3571 942 3974">
    <p class='ocr_par' dir='ltr' id='par_1_15' title="bbox 440 3571 942 3974">
     <span class='ocr_line' id='line_1_29' title="bbox 440 3571 923 3653; baseline 0.008 -22"><span class='ocrx_word' id='word_1_82' title='bbox 440 3574 562 3633; x_wconf 84' lang='lat' dir='ltr'>intrant</span> <span class='ocrx_word' id='word_1_83' title='bbox 572 3574 713 3634; x_wconf 88' lang='lat' dir='ltr'>cestrum</span> <span class='ocrx_word' id='word_1_84' title='bbox 720 3571 923 3653; x_wconf 84' lang='lat' dir='ltr'>tutissimum,</span> 
     </span>
     <span class='ocr_line' id='line_1_30' title="bbox 440 3678 902 3760; baseline 0.006 -21"><span class='ocrx_word' id='word_1_85' title='bbox 440 3678 482 3740; x_wconf 86' lang='lat' dir='ltr'>ad</span> <span class='ocrx_word' id='word_1_86' title='bbox 493 3679 676 3742; x_wconf 89' lang='lat' dir='ltr'>bellandum</span> <span class='ocrx_word' id='word_1_87' title='bbox 690 3678 902 3760; x_wconf 77' lang='lat' dir='ltr'>aptissimum,</span> 
     </span>
     <span class='ocr_line' id='line_1_31' title="bbox 440 3785 942 3866; baseline -0.002 -18"><span class='ocrx_word' id='word_1_88' title='bbox 440 3801 495 3849; x_wconf 87' lang='lat' dir='ltr'>oor</span> <span class='ocrx_word' id='word_1_89' title='bbox 508 3787 663 3849; x_wconf 89' lang='lat' dir='ltr'>habentes</span> <span class='ocrx_word' id='word_1_90' title='bbox 674 3785 942 3866; x_wconf 89' lang='lat' dir='ltr'>promptissimum</span> 
     </span>
     <span class='ocr_line' id='line_1_32' title="bbox 440 3894 817 3974; baseline -0.003 -19"><span class='ocrx_word' id='word_1_91' title='bbox 440 3895 521 3957; x_wconf 91' lang='lat' dir='ltr'>tueri</span> <span class='ocrx_word' id='word_1_92' title='bbox 536 3897 625 3958; x_wconf 83' lang='lat' dir='ltr'>netes</span> <span class='ocrx_word' id='word_1_93' title='bbox 636 3894 817 3974; x_wconf 92' lang='lat' dir='ltr'>pessimum.</span> 
     </span>
    </p>
   </div>
   <div class='ocr_carea' id='block_1_12' title="bbox 438 4030 870 4219">
    <p class='ocr_par' dir='ltr' id='par_1_16' title="bbox 438 4030 870 4219">
     <span class='ocr_line' id='line_1_33' title="bbox 438 4030 870 4107; baseline -0.005 -16"><span class='ocrx_word' id='word_1_94' title='bbox 438 4030 497 4091; x_wconf 87' lang='lat' dir='ltr'>Sed</span> <span class='ocrx_word' id='word_1_95' title='bbox 512 4035 599 4092; x_wconf 87' lang='lat' dir='ltr'>lsaae</span> <span class='ocrx_word' id='word_1_96' title='bbox 613 4031 794 4091; x_wconf 83' lang='lat' dir='ltr'>subtractus</span> <span class='ocrx_word' id='word_1_97' title='bbox 807 4031 870 4107; x_wconf 83' lang='lat' dir='ltr'>est,</span> 
     </span>
     <span class='ocr_line' id='line_1_34' title="bbox 438 4142 869 4219; baseline -0.012 -15"><span class='ocrx_word' id='word_1_98' title='bbox 438 4143 614 4204; x_wconf 79' lang='lat' dir='ltr'>monachus</span> <span class='ocrx_word' id='word_1_99' title='bbox 626 4142 792 4203; x_wconf 88' lang='lat' dir='ltr'>simulatus</span> <span class='ocrx_word' id='word_1_100' title='bbox 804 4143 852 4201; x_wconf 91' lang='lat' dir='ltr'>est</span> <span class='ocrx_word' id='word_1_101' title='bbox 862 4187 869 4219; x_wconf 70' lang='lat'>‚</span> 
     </span>
    </p>
   </div>
   <div class='ocr_carea' id='block_1_13' title="bbox 0 0 1564 5198">
    <p class='ocr_par' dir='ltr' id='par_1_17' title="bbox 0 0 1564 5198">
     <span class='ocr_line' id='line_1_35' title="bbox 0 0 1564 5198; baseline 0 1"><span class='ocrx_word' id='word_1_102' title='bbox 0 0 1564 5198; x_wconf 95' lang='lat' dir='ltr'> </span> 
     </span>
    </p>
   </div>
  </div>
 </body>
</html>
