3112 5194
771 471 938 532 -314-

440 609 709 687 Caesaraugustae
723 606 912 670 obsidebant
924 607 1085 684 castrum,

440 711 527 793 quod
541 711 647 776 adhuc
659 711 758 776 Mauri
772 715 889 776 vocant
901 712 1122 787 Almenarum3

441 836 522 899 quos
532 821 626 899 rogat
638 817 740 883 vietur
752 817 810 881 sibi
825 816 893 881 dari
906 818 1031 898 locum,

560 923 708 1003 mittiere
720 922 852 988 victum.

442 1056 583 1133 Cumque
593 1053 736 1132 precanti
747 1049 860 1114 redere
873 1047 1059 1129 nequirent,

442 1176 501 1223 nec
515 1157 701 1221 transeundi
715 1158 899 1220 facultatem
913 1156 1044 1235 darent,

441 1264 547 1329 subito
559 1264 691 1328 mandat
703 1268 741 1328 ut
754 1263 804 1327 sui
817 1280 852 1326 se
865 1266 1007 1343 arment,

562 1372 626 1436 cito
640 1390 681 1435 ne
695 1371 833 1434 tardent.

443 1488 565 1552 Primus
578 1493 611 1552 et
623 1488 690 1570 ipsa
702 1487 834 1552 indutus
847 1487 964 1569 lorica,

444 1613 504 1659 nea
516 1595 680 1658 meliorem
694 1595 790 1658 homo
804 1594 883 1659 vidit
896 1593 966 1675 illa3

444 1703 617 1783 romphaea
630 1701 770 1782 cinctus,
785 1719 865 1765 auru
879 1702 1068 1782 fabrefacta,

564 1827 662 1873 manu
675 1808 844 1890 magistra,

445 1934 566 2016 Accipit
577 1936 704 1999 hastam
717 1932 849 1998 mirilice
863 1935 996 2013 iactam,

445 2041 559 2105 nobilis
570 2041 668 2106 silvae
681 2040 807 2104 fraxino
821 2041 982 2122 dolatum,

446 2165 542 2228 quam
556 2150 641 2212 ferro
655 2147 729 2212 lorti
741 2148 860 2210 iecerat
872 2146 1033 2225 limatam,

566 2255 680 2337 cupide
692 2256 824 2317 rectam.

447 2383 598 2463 clypeum
612 2383 717 2462 gestat
728 2379 859 2443 brachio
873 2378 1018 2459 sinistro,

447 2489 501 2570 qui
516 2492 603 2552 totus
614 2492 683 2552 erat
696 2488 853 2569 figuratus
866 2506 965 2569 aur03

448 2596 559 2676 inquo
573 2594 717 2675 depictus
731 2596 818 2657 larus
830 2597 899 2657 erat
913 2594 1028 2676 draco,

568 2700 675 2765 lucido
688 2702 796 2764 modu.

448 2829 548 2907 Caput
560 2826 697 2891 munivit
709 2827 833 2908 galeam
845 2828 879 2901 (l.
894 2827 997 2908 galea)
1010 2827 1144 2909 fulgenti

448 2952 545 3016 quam
561 2934 722 2999 decoravit
734 2933 859 2997 laminis
873 2933 997 3015 argenti

451 3043 551 3123 taber,
566 3044 693 3122 etopus
706 3040 825 3122 aptavit
839 3041 946 3104 electri

571 3148 640 3231 giro
658 3148 800 3212 circinni.

449 3275 574 3353 uquum
587 3274 732 3337 ascendit
743 3292 839 3355 quem
852 3276 1038 3338 transmare
1052 3275 1139 3339 vexit

450 3381 605 3443 barbarus
618 3380 767 3462 quidam,
782 3398 842 3444 nec
855 3398 896 3444 ne
910 3382 1139 3458 com(m)utavit

451 3485 557 3550 aureis
568 3485 670 3568 mille3
684 3486 738 3567 qui
753 3488 823 3567 plus
838 3491 934 3552 vento
949 3487 1066 3569 currit,

569 3594 640 3673 plus
653 3593 758 3657 eervoi
773 3595 806 3672 (l.
822 3593 928 3671 cervo)
940 3593 1034 3658 sallit.

452 3717 578 3781 Talibus
589 3717 685 3781 armis
699 3722 831 3781 ornatus
843 3721 877 3781 et
889 3736 989 3799 aquo,

451 3825 538 3888 Paris
551 3827 600 3890 vel
613 3827 729 3889 llector
740 3824 879 3889 melioris
890 3827 922 3906 (l.
938 3825 1097 3893 meliorest
1111 3824 1165 3887 illo

452 3949 616 4012 uunquam
630 3932 761 3994 luerunt
772 3929 807 3993 in
818 3933 944 4011 trojano
956 3933 1058 4014 bello,

571 4039 646 4100 sunt
660 4054 764 4118 neque
776 4037 884 4100 modo.

454 4157 540 4217 lunc
550 4151 737 4233 deprecatur
748 4154 803 4232 (Le
815 4160 890 4216 reste
899 4154 1056 4234 manare.)
