3146 5192
587 558 750 615 -123-

250 677 304 739 sed
318 681 473 742 foetorem
487 682 603 745 sentiet
616 701 737 763 poenae
752 683 952 764 gehennalia,

251 785 313 847 sive
327 786 367 848 sit
381 787 567 871 episcopus,
583 790 650 854 sive
663 789 843 854 cardinalis.

251 920 293 982 lbi
307 921 385 983 nihil
398 922 528 985 dabitur
541 922 646 986 bullae
660 929 704 1001 (l)
718 926 766 988 vel
779 925 941 1005 scriptori,

253 1026 328 1091 nihil
341 1028 533 1111 camerario,
548 1030 627 1093 nihil
637 1030 767 1110 janitori
780 1059 788 1112 3

252 1137 307 1199 sed
318 1137 480 1200 dabuntur
492 1142 653 1218 praesules
667 1141 803 1220 pessimo
818 1138 930 1203 tortori
942 1166 951 1218 ς

252 1243 366 1324 quibus
379 1244 441 1307 erit
453 1244 559 1308 vivere
572 1245 640 1307 sine
654 1245 718 1309 line
728 1246 820 1308 mori.

254 1379 341 1459 Apud
355 1381 482 1442 nostros
492 1376 617 1458 jndices
627 1378 701 1458 jura
716 1379 945 1441 subvertuntur

255 1485 349 1564 etqui
363 1485 452 1563 leges
465 1485 587 1547 iaciunt
597 1485 668 1564 lege
680 1501 745 1547 non
759 1485 933 1564 reguntur,

255 1610 318 1655 non
332 1591 505 1654 intendunt
514 1596 558 1667 (2)
572 1590 677 1653 miseri
691 1592 774 1654 mala
788 1608 870 1671 quae
884 1593 1073 1669 sequuntur,

256 1700 287 1760 et
299 1697 353 1778 qui
365 1699 519 1761 damnant
534 1698 614 1761 alios
626 1699 718 1778 primi
738 1699 985 1760 damnabuntur.

256 1832 302 1893 ld
313 1834 467 1894 terrorem
479 1830 624 1893 omnium
634 1847 765 1910 surgam
778 1832 963 1911 locuturus,

257 1938 359 2001 omnis
372 1940 477 2000 clerus
490 1937 619 2020 audiat,
637 1938 772 2018 simplex
783 1942 816 2001 et
829 1941 994 2017 maturae,

258 2046 335 2109 nihil
349 2049 398 2109 est
411 2046 499 2126 quod
509 2045 625 2127 timeo,
640 2045 733 2108 valde
746 2064 818 2108 sum
832 2063 985 2125 securus,

258 2170 347 2216 meus
357 2170 462 2216 sermo
475 2152 613 2232 percutit
624 2150 711 2216 velut
723 2152 808 2215 ensis
823 2154 946 2227 durus(
968 2155 987 2230 ).

258 2287 410 2351 Puniendi
423 2289 584 2367 praesules
596 2292 673 2350 sunt
686 2292 719 2350 el
732 2289 924 2369 cardinales,

260 2395 389 2458 abbates
402 2397 435 2457 et
446 2394 614 2476 monachi,
630 2394 742 2475 nigrae
754 2395 925 2475 moniales,

260 2502 440 2565 sacerdotes
453 2500 588 2583 aemuli,
603 2501 708 2564 clerici
722 2503 868 2583 venales,

260 2609 492 2689 congregantes
505 2604 634 2669 insimul
646 2622 722 2689 opes
738 2608 938 2689 temporales.

261 2755 386 2828 Quanto
398 2753 470 2832 plus
481 2752 700 2832 accumulant,
716 2754 807 2814 tanto
820 2754 891 2831 plus
905 2751 1127 2829 marcescunt,

263 2861 338 2921 sunt
348 2860 435 2922 velut
447 2856 634 2938 (hlydropici
650 2876 789 2938 quorum
801 2860 885 2920 mala
900 2859 1069 2936 crescunt,

264 2967 342 3028 dum
352 2966 423 3045 plus
435 2964 566 3038 bibunt,
584 2963 697 3026 sitiunt
710 2966 812 3044 magis
826 2968 859 3026 et
872 2966 1021 3026 arescunt
1034 2991 1042 3041 3

265 3091 303 3135 ac
316 3070 402 3133 avari
415 3070 521 3133 miseri
534 3085 699 3151 nunquam
713 3071 926 3152 requiescunt.

265 3211 347 3288 Quid
359 3215 408 3275 est
420 3212 556 3275 avaricia
570 3212 631 3275 nisi
645 3210 715 3277 vilis
729 3214 851 3292 cultus,

264 3320 440 3384 vanitatum
452 3317 592 3401 vanitas,
610 3318 755 3383 cordium
768 3319 925 3382 tumultus
935 3320 1000 3399 (lli

265 3426 357 3490 Miser
370 3431 538 3507 postquam
554 3427 673 3508 tegitur
687 3424 740 3492 vili
755 3430 958 3508 tegumento,

267 3533 305 3596 fit
318 3535 475 3614 sepultus,
493 3537 603 3612 postea
617 3534 714 3597 miser
728 3536 762 3598 in
776 3539 947 3599 tormento

158 3780 187 3835 (ll
199 3781 236 3825 Au
245 3784 313 3823 soem
325 3783 347 3822 et
357 3786 399 3834 par
407 3777 523 3822 ermion
532 3788 579 3822 aaa
591 3778 673 3883 m
735 3778 762 3835 (a)
776 3777 1020 3822 &emendantium
1033 3775 1130 3821 Flaclns.

136 3842 168 3885 tls
181 3854 210 3886 au
229 3850 311 3896 maa,
324 3836 446 3884 mmo..
465 3839 502 3884 on
515 3839 590 3895 litcga

136 3902 187 3948 dans
198 3915 243 3947 une
254 3902 328 3948 sauro
338 3901 367 3946 (ἢ,
376 3901 452 3947 pop„
460 3905 538 3946 mm
547 3902 568 3945 p,
578 3901 637 3946 (pm,
646 3901 673 3945 αθ
733 3880 763 3937 (ὅ)
777 3879 839 3924 Getta
853 3878 942 3935 strophe
958 3883 981 3949 cl
993 3878 1026 3924 les
1043 3884 1124 3934 quatre
1137 3875 1255 3921 suivanleo

137 3962 221 4009 Rome:
710 3939 999 3996 nanquemnansrlanm.

139 4037 186 4078 ἣν·
194 4039 277 4080 quant,
289 4034 373 4069 ⁰¹²²¹t¹¹¹⁸
381 4035 464 4077 aalma
475 4034 528 4066 bun·
536 4034 619 4075 queat,
737 4039 768 4094 (ll
782 4037 799 4081 ll
809 4048 906 4091 nanque
916 4036 944 4079 ici
954 4034 1122 4091 probablemont
1130 4032 1190 4077 deux
1199 4040 1254 4077 vore

137 4080 589 4167 ffiqffiffiffifflfflffflssf
596 4080 674 4120 ΨΜ
711 4100 815 4145 termines
825 4110 853 4143 en
860 4096 937 4151 ollas,
947 4104 970 4142 ct
977 4098 1035 4142 dcun
1043 4108 1094 4141 vers
1104 4094 1142 4152 qui
1153 4092 1256 4139 finissent

139 4174 195 4204 totum
204 4180 254 4204 ure
263 4172 334 4204 ultim
344 4173 383 4211 ecl,
399 4172 439 4201 tots
446 4177 503 4201 mun
511 4168 565 4208 perlt
711 4172 739 4207 en
751 4163 810 4206 epto,

187 4229 249 4275 nans
264 4227 296 4274 ll.
306 4226 402 4284 Vnam,
417 4224 503 4275 Walter
511 4225 597 4281 llapea,
609 4236 631 4281 p.
641 4230 674 4269 38.
