3146 5192
786 406 948 461 —112—

585 528 643 592 nisi
659 530 753 592 cedas
767 547 841 591 eum
852 546 980 593 amore.

587 638 618 696 te
631 634 786 713 depellam
800 650 873 694 eum
888 633 1007 695 dolore.

478 842 481 849 ,
586 774 702 836 Pellam
716 776 748 834 te
762 773 802 834 de
815 772 911 834 eorde
924 789 1018 851 meo,

588 879 761 959 adjuvante
772 878 895 940 Christo
908 876 984 956 deo,

586 1002 646 1047 nee
659 982 840 1063 permittam
853 985 885 1043 te
899 983 1019 1063 redire,

585 1087 613 1149 si
629 1087 745 1149 debeas
759 1086 898 1148 interire.

588 1226 651 1284 Nee
664 1220 806 1301 mireris,
822 1221 919 1300 pestis
933 1220 1020 1301 dira,

588 1328 614 1390 si
630 1343 803 1407 persequor
817 1328 848 1387 te
862 1343 936 1388 eum
949 1325 1013 1405 ira,

587 1450 687 1512 quare
701 1435 737 1492 tn
750 1431 826 1493 mihi
841 1430 943 1493 fecisti

588 1536 740 1619 quiequid
752 1536 826 1599 mali
840 1536 983 1616 potuisti.

589 1674 697 1737 Visum
710 1672 825 1736 mentis
840 1673 1033 1754 obseurasti,

591 1782 623 1841 et
636 1778 781 1840 auditum
794 1778 959 1841 minorasti
974 1806 981 1859 3

592 1888 743 1962 omne(m)
756 1902 885 1946 sensum
899 1884 1112 1963 conturbasti,

475 2038 478 2045 i
592 2007 706 2051 manus
718 2006 846 2068 quoque
857 1988 1008 2069 religasti.

591 2134 1202 2213 Metemptabas(t.tentabas)suffoeare

592 2242 624 2300 et
637 2241 770 2318 optabas
781 2240 933 2303 devorare
946 2268 953 2322 3

591 2344 617 2406 si
629 2345 773 2406 volebam
787 2344 962 2426 respirare,

590 2452 624 2510 tu
640 2450 771 2512 nolebas
783 2451 890 2512 toenm
905 2451 990 2512 dare.

590 2588 688 2651 sudet
698 2589 732 2662 (l.
744 2587 856 2660 Pudet)
866 2605 917 2649 me
929 2589 1038 2667 culpas
1052 2607 1198 2670 narrare,

587 2712 668 2773 quas
681 2695 833 2756 monebas
846 2697 1049 2776 perpetrare,

588 2797 660 2877 sed,
676 2816 749 2860 eum
763 2797 819 2860 tibi
834 2816 900 2861 non
913 2800 1079 2881 parebam,

589 2906 620 2963 te
634 2901 748 2964 iratam
763 2904 949 2967 sentiebam.

586 3039 616 3100 Si
630 3037 796 3116 quidboni
810 3039 993 3123 cupiebam,

587 3143 619 3200 te
633 3139 826 3202 contrariam
839 3143 1040 3223 (habebam,

585 3247 632 3325 et,
649 3263 722 3307 eum
733 3262 794 3325 ego
806 3249 839 3309 te
850 3247 1037 3328 credebam,

586 3348 664 3410 nibil
677 3349 753 3412 boni
768 3349 932 3414 faciebam.

584 3498 613 3562 Si
628 3498 773 3561 volebam
783 3501 946 3580 jeJunare,

584 3616 636 3661 me
647 3599 774 3662 dieebas
791 3605 976 3684 aegrotare,

585 3706 618 3764 et
630 3704 783 3765 monebas
795 3705 1007 3786 manducare,

479 3820 484 3830 ’
585 3805 646 3868 nisi
661 3808 771 3870 vetlem
784 3810 938 3888 pejorare.

586 3946 615 4011 Si
627 3947 704 4028 quid
716 3949 831 4012 dabam
844 3949 1018 4035 indigenti,

586 4055 752 4125 resistebas
765 4074 855 4119 meae
866 4058 963 4120 menti
976 4108 984 4139 ,
