3160 5196
800 526 959 581 -396-

414 650 473 728 Qui
487 653 592 713 luerat
601 649 765 730 quondam
778 648 919 711 nutritus
933 648 1102 729 deliciose,

455 774 530 821 cum
542 756 670 820 modico
683 755 844 819 modicam
856 773 940 836 pane
951 755 1093 837 requirat
1106 759 1151 835 (l)
1164 776 1300 839 aquam,

413 862 472 939 Qui
486 861 575 943 prius
587 861 695 926 ornari
708 861 846 942 pretiosa
862 865 951 926 veste
964 863 1110 945 volebat,

455 987 543 1033 nunc
555 968 609 1035 vili
623 987 718 1033 sacco
732 968 848 1050 frigida
861 971 1004 1032 membra
1016 974 1116 1052 tegat.

416 1077 472 1141 llio
483 1077 591 1155 cibus,
606 1076 659 1141 bio
672 1075 786 1157 vestis,
800 1076 845 1138 ita
858 1075 1032 1139 strinxerat
1044 1076 1098 1141 illa
1111 1078 1278 1159 pudenda,

455 1183 543 1265 quod
556 1183 611 1248 vix
624 1183 777 1247 intereos
787 1182 859 1264 quis
870 1182 931 1247 nisi
945 1187 1054 1247 castus
1068 1189 1148 1248 erat.

416 1289 552 1370 Virginis
566 1290 619 1353 bic
631 1293 744 1354 votum
757 1289 817 1352 sibi
831 1290 971 1371 lecerat,
985 1290 1039 1353 ille
1052 1291 1188 1355 maritus

456 1396 604 1461 servabat
615 1395 718 1459 sancti
730 1396 860 1459 foedera
875 1396 1028 1477 coniugii.

418 1507 550 1567 Tantam
564 1503 764 1567 christicolae
777 1505 952 1567 tenuerunt
961 1503 1161 1585 relligionem
1174 1553 1183 1585 ,

457 1609 534 1673 dum
547 1610 622 1673 data
635 1610 689 1673 lex
702 1609 839 1690 noviter,
854 1609 933 1673 dum
943 1626 1047 1674 novus
1060 1611 1141 1673 ordo
1155 1610 1237 1691 luit,

417 1716 478 1779 Sed
490 1716 578 1797 quod
589 1716 708 1779 babere
720 1717 804 1779 solet
816 1714 942 1781 noviter
955 1732 1059 1781 novus
1071 1715 1152 1779 ordo
1167 1719 1308 1779 statutus

457 1822 605 1903 primitus
617 1826 655 1885 ut
665 1825 708 1899 (2)
720 1822 848 1904 vigeat,
863 1820 938 1885 inde
951 1804 1089 1902 tependo
1101 1825 1194 1904 ruat3

417 1929 467 1994 Sic
477 1948 605 2012 quoque
618 1930 742 2011 relligio
752 1930 893 1995 decrevit
904 1929 1179 2010 christicolarum,

456 2043 495 2101 ut
507 2057 591 2121 quae
603 2057 728 2103 summa
742 2037 804 2102 fuit
816 2040 927 2119 postea
941 2036 1109 2101 eorruerit.

419 2143 558 2210 lnvidiae
570 2147 726 2226 surgunt,
742 2144 802 2208 sibi
816 2143 952 2225 quisque
965 2142 1101 2224 requirit
1113 2144 1269 2208 honorem

458 2254 492 2314 et
505 2253 602 2315 lrater
616 2254 747 2315 fratrem
759 2251 886 2315 laedere
896 2268 963 2314 non
974 2249 1098 2313 metuit.

419 2357 532 2421 Ebrius
544 2358 680 2423 efficitur
693 2358 748 2439 qui
761 2358 887 2422 sobrius
900 2375 970 2421 esse
983 2358 1126 2440 solebat,

458 2468 491 2527 et
503 2482 619 2545 parcus
632 2468 745 2529 venter
758 2465 893 2530 solvitur
908 2464 1060 2545 ingluvie.

418 2570 599 2634 Foedantur
611 2576 736 2634 mentes
749 2575 783 2634 et
794 2574 928 2652 corpora
943 2574 1241 2656 commaculantur,

458 2675 549 2757 virgo
562 2676 628 2739 ruit
640 2676 734 2759 vitio,
750 2680 859 2741 castus
872 2677 1041 2742 adulterio.

418 2787 516 2848 Nemo
529 2784 625 2847 fidem
638 2783 762 2849 cbristo
774 2802 835 2848 nec
847 2784 950 2848 fidum
961 2787 1006 2865 (3)
1018 2790 1126 2851 servat
1138 2804 1281 2853 amorem
1292 2814 1301 2869 ς

458 2909 553 2956 nemo
566 2894 655 2955 tenet
667 2895 792 2955 castum
805 2909 858 2974 se3
873 2891 939 2955 ruit
951 2892 993 2973 (l)
1006 2893 1113 2958 omnis
1124 2895 1244 2977 bomo,

419 2998 457 3062 nt
469 3016 565 3079 quem
575 3000 644 3079 jam
656 2998 800 3063 Christus
811 3016 926 3080 cruce,
939 2998 1116 3083 sanguine,
1134 3005 1239 3066 morte
1249 3001 1401 3083 redemit,

461 3107 498 3168 ut
510 3104 647 3169 redimat
660 3123 789 3169 rursum
803 3123 869 3169 non
883 3105 1038 3170 morietur
1049 3107 1136 3171 item.

418 3213 479 3278 sed
492 3217 601 3277 tamen
614 3231 655 3278 ex
668 3213 737 3295 ipsa
749 3233 813 3295 qua
828 3212 993 3295 praeditus
1006 3216 1055 3277 est
1067 3213 1186 3295 pietate

460 3320 755 3384 consiliumstatuit
768 3338 810 3383 ne
826 3321 955 3401 penitus
967 3323 1088 3402 pereat.

419 3426 511 3506 Legis
521 3444 604 3490 onus
617 3426 756 3508 minuet,
771 3428 862 3490 tollet
871 3426 1048 3509 baptisma,
1063 3426 1238 3508 decemque

459 3550 578 3596 uxores
588 3551 674 3596 unus
690 3534 807 3598 ducere
820 3533 869 3598 vir
882 3533 1009 3614 poterit.

421 3638 561 3703 Scribere
574 3640 738 3706 mandavit
751 3645 834 3704 Deus
848 3642 927 3704 baec
940 3640 1018 3704 mibi
1033 3659 1089 3722 per
1101 3641 1301 3722 Gabrielem,

460 3748 585 3808 caetera
595 3748 744 3827 jussurus
757 3749 901 3828 tempore
914 3765 1060 3828 quaeque
1073 3765 1144 3812 suo.

420 3851 474 3916 llis
487 3853 565 3917 mihi
580 3855 620 3918 de
633 3855 738 3919 causis
751 3855 893 3920 Gabriele
906 3855 1171 3937 superveniente,

352 4140 380 4195 (ll
393 4137 504 4196 aequare
515 4142 571 4188 dans
585 4144 612 4188 B.
927 4147 956 4203 (5)
969 4145 1115 4193 Promissum
1128 4148 1184 4192 dano
1196 4148 1225 4192 ll.

352 4211 382 4267 (Ξ)
398 4209 426 4254 Ul
436 4211 516 4267 primo
529 4213 585 4258 lanc
598 4214 626 4257 B.
926 4217 955 4273 (l)
969 4217 1010 4262 Sic
1021 4218 1088 4275 perit
1100 4218 1156 4264 dans
1169 4218 1199 4262 Δ.
