3146 5192
608 512 752 565 --95-

391 650 466 696 nam
479 634 586 696 locum
599 633 658 695 sibi
670 634 820 714 praeripit

393 739 610 820 unusquisque
621 757 716 820 quem
729 740 855 820 reperit.

392 879 467 940 Post
479 876 662 957 nuptiarum
677 877 842 941 dominum

390 981 506 1062 Adam,
521 984 611 1060 pater
624 982 824 1065 mortalium,

390 1086 430 1148 de
443 1087 518 1149 limo
534 1089 637 1150 terrae
650 1088 799 1152 conditus
812 1137 821 1170 ,

389 1192 469 1255 ficus
480 1192 569 1255 sedet
583 1192 615 1255 in
630 1194 807 1257 frondibus.

389 1333 432 1391 De
445 1328 514 1393 viro
527 1334 653 1410 sumpta
667 1331 784 1395 femina

391 1434 454 1496 heu
467 1433 475 1496 Ξ
490 1434 581 1497 sedet
593 1452 689 1515 super
702 1436 777 1499 tolia

389 1555 471 1618 quae
485 1538 565 1601 fious
578 1540 644 1603 iata
656 1541 793 1623 peperit,

390 1660 472 1722 quae
486 1660 520 1706 se
537 1645 676 1724 tegendo
689 1647 826 1711 consuit.

390 1780 587 1844 parricidalis
601 1786 634 1844 et
645 1786 721 1847 Cain

387 1885 441 1966 qui
454 1888 523 1950 toto
536 1889 628 1951 vultu
640 1887 798 1972 concidit,

389 1993 464 2056 trux
479 1992 568 2054 sedet
579 2010 675 2074 super
688 1997 855 2075 samolum,

388 2112 452 2174 quo
466 2097 572 2161 fratris
584 2098 699 2178 sparsit
711 2101 888 2164 cerebrum.

391 2233 482 2315 abel,
498 2234 574 2297 telix
586 2236 739 2315 puerulus

386 2354 481 2415 quem
494 2337 634 2418 respexit
646 2339 726 2402 coeli
740 2343 841 2420 Deus,

387 2461 428 2505 en
442 2444 532 2507 sedet
545 2462 640 2525 super
652 2446 788 2526 vellera,

386 2547 528 2610 munitus
541 2547 734 2612 innocentia.

388 2689 470 2767 Noe,
486 2687 574 2748 taber
584 2685 794 2768 justissimus,

389 2806 491 2853 novus
504 2791 609 2852 cultor
620 2807 661 2852 ex
674 2790 809 2873 vitibus,

388 2888 478 2950 sedet
490 2888 578 2951 horis
589 2890 724 2955 convivii

389 3008 483 3072 super
495 2993 625 3059 archam
636 2994 755 3059 diluvii.

389 3133 463 3193 Post
475 3131 574 3195 risum
587 3134 683 3195 &rau
695 3134 842 3215 conjugis

390 3237 549 3301 Abraham
563 3238 653 3303 sedet
662 3243 706 3315 (1)
719 3241 839 3320 nuptiis

390 3354 485 3417 super
494 3336 617 3401 radices
629 3337 708 3401 ilicis

389 3442 438 3503 sui
452 3460 525 3505 eum
539 3461 644 3508 massa
660 3442 796 3524 generis.

388 3586 467 3646 Loth
479 3585 584 3665 sedet,
599 3587 697 3647 irater
710 3585 871 3665 Abrahae,

389 3690 443 3770 qui
456 3690 540 3771 fugit
550 3690 657 3773 ignem
670 3690 843 3771 Sodomae,

388 3811 483 3874 super
495 3794 569 3859 salis
582 3794 746 3857 materiem
757 3797 801 3869 (2)

389 3920 471 3982 quae
485 3902 593 3967 deficit
604 3921 660 3985 per
672 3902 821 3983 pluviam.

152 4099 176 4154 tt]
189 4100 247 4146 Nous
267 4099 410 4157 supprimens
433 4097 461 4142 io
481 4098 520 4153 qui
534 4101 569 4141 est
582 4094 658 4140 inutile
721 4096 748 4154 (a,
763 4093 781 4140 ΙΙ
794 4093 841 4138 taut
852 4106 904 4140 saus
918 4096 984 4142 doute
995 4098 1034 4142 tire
1045 4097 1172 4143 materiam

132 4162 205 4213 pourte
222 4174 274 4209 sens
287 4168 311 4207 et
324 4161 396 4206 donne
413 4171 458 4204 une
473 4158 556 4215 syllaba
569 4158 596 4202 rie
611 4162 659 4213 trop

132 4230 156 4263 au
165 4235 219 4270 vers.
